3175 5017
348 453 389 506 ne
409 452 545 507 Abraham
562 451 591 505 11
608 452 634 517 a,
653 453 697 508 57.
716 452 751 507 aa
789 451 814 519 (ι
833 452 883 506 aar
903 453 1014 506 r-aae
1033 453 1077 516 Β).
1228 455 1289 518 611
1383 491 1387 499 .

145 650 257 729 gustus
288 653 395 711 autem
419 653 497 730 potu
521 647 689 729 epulisque
712 650 889 730 generatur,
915 647 1045 728 quintus
1069 664 1144 711 uero
1169 666 1292 725 sensus,

144 753 200 818 hoc
233 757 286 818 est
317 756 439 844 tactus,
456 753 548 818 uelut
580 753 739 818 admixtus
772 757 823 818 est
853 753 919 818 illis
952 756 1111 836 quattuor.
1150 754 1226 818 odor
1262 757 1293 819 et

144 865 258 944 gustus
287 861 442 943 quaedam
470 860 573 944 magis
602 860 752 924 alimenta
780 863 856 923 sunt
879 859 1028 942 corporis,
1053 860 1168 942 quibus
1193 860 1293 924 carnis

143 967 237 1031 huius
255 967 375 1031 militia
393 966 552 1045 subsistit,
572 967 664 1031 nisus
682 985 758 1031 uero
780 969 812 1030 et
830 966 957 1031 auditus
977 969 1115 1030 mentem
1130 966 1292 1031 adiuuant.

115 1075 217 1138 ahaec
251 1078 328 1139 sunt
359 1074 545 1150 diuisiones
579 1093 659 1156 quae
692 1073 867 1138 secundum
901 1093 1025 1138 carnem
1057 1077 1196 1138 nostram
1230 1075 1293 1138 ani-

73 1188 104 1250 58
142 1200 291 1263 mamque
319 1199 338 1243 a
365 1199 491 1245 summo
525 1183 687 1262 operatore
712 1179 834 1243 diuisae
864 1183 948 1244 sunt.
981 1179 1064 1243 unde
1089 1183 1213 1261 oportet
1235 1199 1292 1244 nos

143 1287 293 1371 colligere
317 1286 391 1369 quia
414 1285 511 1350 etiam
534 1286 672 1350 mundus
696 1286 757 1350 iste
781 1284 873 1350 uelut
894 1305 950 1369 per
973 1287 1113 1350 membra
1140 1285 1293 1368 quaedam

142 1394 269 1476 gemina
287 1396 320 1457 et
337 1397 500 1474 tamquam
515 1389 727 1476 ἀντιπρόσωποι
742 1391 934 1457 distributus
947 1396 1006 1468 est,
1026 1394 1109 1456 tena
1122 1393 1154 1456 in
1169 1397 1292 1457 montes
1320 1397 1343 1450 l*

143 1503 173 1564 et
198 1500 233 1563 in
263 1518 402 1582 campos,
430 1502 468 1563 ut
496 1501 572 1562 sunt
598 1502 705 1579 partes
732 1499 834 1563 nostri
862 1499 1002 1582 corporis
1032 1499 1178 1563 elatiores
1203 1499 1292 1575 aliae,

105 1629 126 1668 ro
142 1607 221 1671 aliae
254 1606 424 1689 planiores.
459 1605 600 1669 eminent
634 1606 783 1688 scapulae
817 1609 850 1669 et
885 1606 1004 1687 pedum
1043 1606 1205 1688 superiora
1242 1604 1294 1670 uel

143 1733 306 1790 manuum,
331 1713 430 1776 latera
453 1715 560 1777 antem
588 1715 621 1776 et
647 1712 796 1777 inferiora
820 1714 953 1778 ceruicis
981 1714 1072 1778 uelut
1094 1714 1195 1777 ualles
1219 1715 1295 1778 trita

144 1825 174 1885 et
197 1839 350 1887 concaua.
379 1819 464 1902 quod
489 1824 521 1883 et
544 1820 582 1884 de
605 1818 681 1884 nola
704 1839 816 1884 manus
840 1821 1024 1904 intellegere
1048 1820 1139 1896 licet;
1167 1839 1238 1884 nam
1262 1821 1293 1884 in

143 1929 211 2009 ipso
249 1927 398 1991 calcaneo
431 1927 522 2009 pedis
552 1925 690 1991 eminere
719 1927 790 2007 alia,
819 1927 923 1991 media
947 1931 1053 1992 autem
1078 1927 1203 1992 sinuata
1226 1947 1295 1991 esse

146 2035 215 2116 quis
249 2031 397 2097 dubitate
430 2053 512 2116 aqua
543 2033 574 2096 in
607 2033 687 2096 mari
715 2034 809 2111 salsa,
839 2033 942 2098 duleis
970 2034 1001 2097 in
1031 2034 1160 2099 flumine
1191 2035 1241 2098 uel
1263 2035 1294 2098 in

108 2163 129 2201 ro
144 2142 298 2207 fontibus.
323 2144 373 2206 est
396 2161 448 2205 aer
470 2141 601 2206 hiberno
626 2140 773 2224 frigidus,
798 2141 882 2206 ueris
907 2141 1070 2206 mensibus
1089 2144 1294 2223 temperatus,

145 2249 268 2314 calidus
302 2251 433 2314 aestate.
468 2266 542 2330 ergo
575 2248 639 2312 ista
672 2247 784 2312 diuisit
820 2251 975 2330 operator,
1012 2251 1151 2312 mentem
1189 2251 1294 2313 autem

144 2360 295 2433 nostram,
329 2374 409 2437 quae
442 2356 536 2418 modo
569 2355 677 2419 auium
705 2355 863 2419 uirtutum
892 2355 1089 2420 diuersarum
1117 2359 1149 2419 et
1171 2355 1394 2439 uigoris338A

144 2465 194 2529 sui
227 2466 324 2528 uecta
355 2462 497 2546 remigiis
530 2482 627 2545 supra
659 2463 782 2527 caelum
816 2464 932 2540 euolat,
966 2481 1026 2526 non
1061 2463 1182 2541 diuisit,
1221 2462 1294 2544 quia

144 2571 281 2635 trinitati
309 2569 460 2633 adhaeret
488 2569 644 2634 diuidenti
672 2569 787 2645 omnia,
813 2570 874 2634 soli
898 2569 1063 2634 indiuisae.
1088 2570 1170 2634 unde
1193 2570 1294 2653 philo·

105 2677 236 2758 asophi
271 2676 466 2758 superiorem
499 2677 611 2741 mnndi
641 2675 738 2740 huius
776 2677 999 2754 substantiam,
1037 2696 1131 2759 quam
1169 2677 1295 2741 aethera

143 2786 270 2862 uocant,
303 2802 366 2847 non
399 2803 436 2847 ex
473 2786 649 2848 ceterorum
687 2782 917 2848 elementorum
954 2783 1067 2847 uolunt
1105 2783 1294 2847 admixtione

144 2895 300 2968 constare,
329 2890 386 2954 sed
414 2890 613 2974 splendidam
641 2893 673 2954 et
699 2890 801 2955 multe
825 2891 1037 2974 refulgentem
1059 2890 1189 2967 lumine,
1214 2907 1293 2972 quae

143 3017 203 3061 non
236 3000 340 3061 terrae
373 2996 537 3062 sordidum
569 3017 627 3061 nec
656 3016 808 3080 aquarum
836 2997 981 3061 umidum
1008 3017 1065 3062 nec
1092 2997 1173 3062 aeris
1197 2997 1294 3060 nebu-

143 3103 247 3168 losum
276 3122 335 3167 nec
363 3103 446 3188 ignis
474 3104 577 3187 ipsius
606 3105 739 3168 rutilum
763 3104 933 3187 quicquam
956 3104 1099 3187 recipiat,
1124 3124 1160 3168 ex
1183 3103 1292 3186 quinta

103 3211 280 3292 uquadam
313 3211 384 3274 usia
416 3229 487 3275 esse
521 3211 672 3275 adserunt
699 3215 732 3275 et
758 3213 850 3275 uelut
877 3212 1041 3276 uolucrem
1063 3211 1175 3275 mundi
1198 3211 1291 3275 istius
1319 3220 1342 3272 B

143 3321 284 3381 mentem
312 3316 505 3381 uelociorem
533 3317 756 3399 purioremque
788 3337 858 3382 esse
887 3318 999 3382 ceteris
1031 3318 1186 3401 partibus.
1220 3337 1291 3382 nam
1389 3393 1393 3400 Ι

144 3424 221 3488 aliae
246 3423 362 3486 mixtae
386 3423 448 3487 sibi
472 3425 504 3487 et
528 3428 691 3487 concretae
717 3426 801 3501 sunt,
820 3443 877 3487 nos
897 3429 1003 3488 autem
1022 3424 1102 3488 nihil
1120 3423 1292 3488 materialis

144 3529 372 3612 conpositionis
405 3529 534 3592 inmune
567 3533 662 3610 atque
696 3530 833 3594 alienum
867 3535 1017 3612 putamus
1050 3534 1173 3613 praeter
1204 3530 1292 3592 illam

232 3721 249 3773 6
268 3719 348 3773 Plrilo
368 3718 479 3784 Quaest.
498 3719 541 3772 111
560 3719 576 3773 5
634 3721 667 3774 19
686 3721 765 3774 Philo
786 3720 897 3787 Quaest.
918 3721 961 3775 111
980 3723 995 3775 6

179 3837 369 3904 lgeneretur
389 3837 416 3898 (a
434 3851 455 3888 a.
476 3841 501 3904 e)
521 3834 549 3886 P
606 3837 683 3905 uero]
705 3840 796 3890 autem
815 3837 843 3889 B
898 3838 976 3890 2est
989 3852 1034 3904 pr.
1054 3852 1074 3888 a.
1094 3853 1122 3888 cc.
1141 3835 1178 3898 D,
1197 3833 1294 3889 om.C

143 3926 159 3977 5
177 3925 246 3977 haec
267 3924 333 3988 P(e
350 3922 431 3990 eras.)
453 3922 512 3975 OM
528 3924 579 3976 hae
599 3929 645 3978 cet.
707 3925 723 3978 8
742 3925 879 3994 iamquam
900 3929 924 3992 (t
941 3941 962 3978 a.
982 3925 1002 3993 i)
1020 3924 1048 3976 P
1119 3924 1292 3992 antiptosopa

142 4012 221 4065 PBO
238 4006 470 4081 antiprosapa‘M
487 4013 674 4083 antiprcsapia
691 4013 753 4067 DN
848 4016 878 4068 ll
906 4015 972 4067 trita
992 4017 1015 4079 (t
1035 4014 1083 4067 alt.
1103 4030 1124 4068 a.
1143 4027 1170 4065 u.
1190 4013 1246 4080 aad)
1266 4011 1293 4062 P

145 4102 177 4153 12
194 4101 223 4153 in
238 4117 290 4154 om.
305 4099 366 4153 DN
403 4101 435 4154 13
453 4099 532 4168 pedis
552 4100 708 4166 (iexe)P
744 4101 777 4154 18
797 4101 917 4171 remigiis
934 4103 1063 4169 (ilecto.
1079 4100 1159 4165 cc.)P
1212 4115 1293 4167 super

143 4188 228 4241 DN.
273 4187 308 4241 23
326 4188 467 4241 humidum
486 4187 513 4240 P
531 4188 560 4254 (h
578 4205 599 4242 c.
618 4187 657 4257 cc.)
676 4194 723 4242 cet.
797 4191 830 4244 25
851 4191 972 4253 uolucres
992 4191 1020 4243 P
1099 4190 1190 4257 istius]
1211 4188 1291 4241 huius

144 4276 240 4330 DNM
304 4278 338 4330 26
357 4284 392 4330 na
410 4280 458 4330 nc2
476 4293 509 4330 ex
526 4293 581 4330 non
599 4277 627 4329 P
697 4280 730 4332 27
751 4283 892 4333 concretae
911 4279 944 4332 N
958 4283 1116 4333 concreatae
1135 4278 1251 4332 PBOM
1268 4284 1292 4331 ct

146 4369 230 4433 (apr.
250 4365 315 4436 dec.)
338 4365 401 4418 ΤΒ

171 4490 262 4530 xxxrr.
277 4490 359 4529 Amor.
374 4493 458 4539 parsi,
473 4490 522 4529 fase
541 4494 561 4532 2.
1220 4473 1255 4525 40
