3175 5017
272 464 409 529 XXVIII
738 458 958 514 Praefatio.

272 658 484 734 inueniuntur,
514 655 629 737 quibus
662 673 735 718 eum
759 654 844 717 6666
866 654 983 717 librum
1008 654 1185 738 respexisse
1209 653 1423 731 confirmetur,

273 783 373 845 neque
397 782 544 847 magnam
568 761 635 825 6661
660 760 799 842 speciem
823 759 938 823 habeat
961 760 1141 824 coniectura
1164 762 1196 824 in
1221 761 1326 843 666616
1348 758 1424 823 Phi·

271 872 355 936 lonis
389 890 518 952 operum
553 886 632 951 quae
665 868 693 932 ei
725 870 852 948 praesto
886 871 953 931 erat
982 868 1073 950 copia
1099 868 1217 932 librum
1245 867 1338 931 illum
1361 886 1423 930 non

274 978 427 1043 extitisse.
451 977 548 1041 immo
572 973 740 1038 Ambrosio
764 973 798 1037 id
818 974 987 1037 consilium
1006 974 1107 1038 tuisse
1127 975 1281 1056 suspicor,
1300 977 1424 1039 utrem

272 1087 373 1148 totam
402 1083 592 1159 absolueret,
623 1099 700 1144 6666
728 1084 834 1143 661666
864 1080 1001 1162 quodam
1031 1081 1221 1164 impeditum
1245 1101 1318 1145 enm
1342 1100 1423 1163 opus

274 1192 460 1274 susceptum
488 1208 549 1253 non
578 1189 617 1252 ad
645 1186 739 1251 finem
767 1187 961 1269 perduxisse,
987 1187 1044 1251 sed
1071 1188 1102 1251 io
1127 1206 1163 1252 eo
1188 1206 1331 1251 sermone
1354 1206 1423 1270 per-

274 1296 407 1374 stitisse,
432 1315 493 1378 quo
526 1314 564 1359 ea
596 1312 676 1375 quae
708 1292 832 1357 ultimis
864 1292 938 1357 libri
970 1293 1057 1357 tertii
1085 1293 1229 1358 Philonis
1262 1294 1423 1375 capitibus

274 1403 474 1467 eontinentur
497 1403 698 1465 tractauerat.
722 1399 769 1462 116
791 1400 991 1464 sermonibus
1019 1400 1051 1463 16
1079 1420 1179 1464 unum
1206 1419 1321 1483 corpus
1350 1419 1424 1464 con-

274 1509 402 1575 sociatis
421 1508 539 1572 librum
559 1507 717 1583 ultimum,
738 1506 798 1579 etsi
817 1507 1050 1588 imperfectum,
1071 1526 1144 1571 6666
1164 1507 1232 1570 6166
1254 1508 1423 1590 666616661

272 1619 399 1698 tempus
429 1634 490 1679 non
520 1613 713 1697 suppeteret,
743 1613 841 1677 simul
869 1633 942 1678 cum
969 1614 1074 1697 priore
1101 1614 1178 1679 ioris
1207 1615 1315 1679 datum
1340 1633 1422 1678 esse.

274 1722 388 1805 quodsi
416 1742 447 1803 p.
473 1721 548 1796 592,
573 1720 613 1782 21
640 1722 672 1782 66
695 1739 725 1801 6.
751 1720 826 1794 598,
854 1720 894 1782 19
923 1720 962 1783 66
991 1720 1109 1785 Stoicis
1138 1739 1311 1803 eorumque
1333 1738 1422 1803 prae·

274 1828 385 1912 ceptis,
414 1848 445 1909 6.
471 1827 546 1903 697,
574 1828 614 1889 16
642 1826 681 1890 66
710 1830 860 1909 quattuor
892 1826 1015 1891 animae
1043 1828 1196 1905 66661666,
1227 1847 1258 1909 p.
1291 1829 1367 1905 624,
1401 1828 1423 1890 3

273 1933 690 2017 66666661666661166166,
707 1952 785 2015 quae
806 1935 963 1999 66161666
983 1936 1077 1999 66666
1097 1936 1261 2013 consistat,
1281 1934 1422 2017 eorporis

273 2045 368 2123 atque
397 2042 518 2105 6616666
547 2043 579 2104 61
607 2031 825 2104 666166611666
854 2040 957 2118 66616,
986 2042 1139 2126 61666161,
1167 2043 1245 2106 6666
1274 2060 1309 2105 66
1337 2060 1422 2105 com·

272 2147 396 2232 pendiis
415 2146 562 2211 hausisse
580 2146 719 2212 uidetur.
740 2146 796 2211 sed
814 2147 958 2211 Platonis
977 2148 1165 2226 Phaedrum,
1186 2168 1278 2231 quem
1297 2167 1328 2230 p.
1345 2147 1421 2223 667,

275 2257 294 2319 2
324 2253 479 2337 designat,
508 2252 577 2335 ipse
610 2253 741 2337 legerat,
768 2253 802 2317 id
835 2254 920 2335 quod
948 2257 981 2318 et
1009 2274 1045 2319 ex
1072 2254 1132 2319 hoo
1160 2256 1230 2319 loco
1259 2254 1421 2317 6666616

274 2380 354 2444 quae
383 2362 421 2423 de
449 2362 538 2425 16666
568 2362 598 2438 8,
629 2362 669 2424 65
699 2380 745 2442 sq.
776 2361 919 2443 66666116
946 2364 1021 2426 6661
1047 2361 1247 2445 perspicitur.
1284 2364 1422 2442 utroque

275 2468 359 2531 enim
385 2467 455 2532 loco
484 2468 626 2533 16661666
655 2487 673 2531 6
699 2467 832 2531 Platone
861 2468 997 2532 sermoni
1022 2468 1175 2533 intextam
1202 2468 1248 2533 116
1269 2467 1418 2549 respexit,

274 2578 312 2639 66
339 2574 414 2656 quin
444 2592 512 2637 eam
540 2573 618 2637 bene
643 2574 769 2637 nouerit
792 2573 930 2637 dubitari
954 2593 1015 2638 non
1039 2574 1152 2657 possit.
1190 2593 1263 2638 sane
1287 2593 1324 2637 ex
1345 2573 1423 2656 biga

273 2680 339 2758 illa,
364 2698 444 2760 quae
469 2677 552 2759 6666
574 2677 741 2743 Platonem
763 2681 823 2755 661,
843 2679 1028 2763 quadrigam
1047 2680 1125 2745 iecit
1144 2678 1198 2765 (cf.
1217 2679 1420 2761 Augustinus

275 2788 382 2850 666166
408 2785 471 2849 Iul.
494 2785 601 2866 Peleg.
625 2785 673 2848 111
699 2786 750 2862 16,
775 2785 832 2868 28)
861 2786 1003 2868 aliosque
1033 2805 1131 2869 equos
1162 2786 1339 2864 substituit,
1364 2785 1422 2851 666

272 2892 305 2955 16
338 2892 447 2955 166616
478 2893 547 2954 1616
578 2890 777 2974 singulisque
810 2893 905 2957 rebus
933 2893 1099 2957 Platonem
1126 2899 1233 2976 aperte
1256 2893 1419 2975 expressit.

275 2999 489 3064 definitionem
516 2998 616 3076 illam,
641 3018 703 3080 qua
731 3000 856 3082 sapiens
885 3000 1074 3079 61666666,
1103 3001 1226 3065 6166661
1253 3000 1374 3083 peritus
1403 3020 1423 3063 6

274 3105 473 3189 66116666616
493 3104 819 3189 61616666166166·(6.
838 3108 911 3185 629,
931 3108 973 3190 6),
994 3127 1030 3172 66
1049 3108 1140 3189 dicto
1157 3107 1286 3174 Catonis
1306 3108 1422 3172 ‘orator

275 3214 396 3277 666616
419 3212 531 3289 bonus,
557 3212 679 3277 dicendi
702 3214 837 3295 peritus'
858 3214 990 3297 petiisse
1013 3215 1140 3281 uidetur
1164 3214 1218 3300 (cf.
1241 3216 1283 3280 H.
1307 3213 1421 3279 166666

276 3318 403 3384 Catonis
435 3323 560 3401 6666166·
590 3320 707 3383 librum
741 3320 779 3384 de
811 3340 844 3385 re
876 3322 995 3386 rustica
1032 3341 1112 3405 quae
1150 3326 1257 3387 extant
1287 3342 1318 3404 p.
1353 3322 1420 3402 86),

275 3427 359 3508 quod
390 3426 527 3491 fortasse
561 3446 597 3490 ex
630 3425 817 3506 Quintiliani
848 3428 923 3493 inst.
957 3449 1000 3493 or.
1033 3429 1095 3494 XII
1123 3431 1153 3505 1,
1180 3433 1195 3494 1
1231 3428 1420 3510 6666666611.

275 3552 354 3614 quae
381 3554 412 3616 p.
438 3534 512 3610 593,
537 3534 557 3597 6
582 3533 620 3597 66
643 3533 825 3617 Pythagora
847 3535 1067 3619 philosophiae
1092 3536 1228 3600 nominis
1255 3522 1420 3599 inuentore

275 3640 354 3703 dixit
381 3641 566 3723 deprompta
594 3644 670 3704 sunt
707 3658 742 3704 ex
772 3640 921 3706 Cicerone
954 3641 1050 3728 (disp.
1085 3644 1179 3709 Tusc.
1210 3642 1240 3706 V
1273 3642 1290 3705 7
1325 3637 1419 3725 666),

275 3747 366 3809 66166
397 3748 561 3810 Timaeum
591 3765 715 3830 quoque
745 3750 819 3827 668,
850 3751 867 3814 7
897 3750 1071 3832 respexisse
1104 3750 1233 3814 uidetur·
1264 3747 1420 3834 (conferas

274 3853 371 3916 uelim
394 3873 424 3934 p.
449 3853 546 3937 XVI).
570 3873 663 3935 quem
688 3858 796 3919 661666
820 3857 895 3935 586,
919 3857 958 3919 18
983 3856 1151 3940 significet,
1172 3875 1235 3937 quo
1252 3857 1323 3919 loeo
1343 3853 1422 3917 dicit

275 3959 378 4047 uirum
404 3978 440 4023 ex
462 3959 683 4044 philosophiae
707 3962 875 4044 disciplina
898 3963 1076 4046 proiectum
1098 3964 1251 4028 statuisse
1271 3964 1422 4042 quattuor

274 4067 352 4131 haee
385 4067 453 4130 uiro
485 4068 567 4131 bono
600 4068 719 4133 inesse:
755 4072 792 4133 61
824 4070 965 4134 61666661
992 4072 1130 4153 primum
1157 4073 1194 4133 ut
1222 4088 1330 4133 omnes
1359 4068 1420 4133 sibi

275 4174 393 4237 amicos
417 4174 527 4239 faciat:
553 4175 726 4240 secundum
751 4196 823 4241 esse
847 4181 884 4241 61
907 4177 935 4241 61
958 4198 1019 4243 666
1042 4178 1146 4263 666611
1168 4178 1287 4241 amicos
1307 4176 1419 4254 faeere,

275 4284 359 4344 certe
382 4300 440 4345 666
462 4280 622 4346 inimicos:
647 4283 778 4347 tertium
802 4287 839 4348 61
862 4284 890 4348 61
913 4303 969 4349 666
988 4285 1076 4349 16666
1095 4286 1252 4369 66666161,
1272 4284 1331 4348 666
1351 4300 1421 4347 sen·

274 4388 375 4450 tentia
399 4387 555 4452 discedat:
580 4392 726 4469 quartum
751 4394 788 4455 61
813 4392 840 4455 61
864 4392 936 4472 quis
961 4393 1125 4457 cedentem
1149 4392 1359 4476 persequatur
1385 4407 1420 4452 se
