3175 5017
631 408 850 463 Praelatio.
947 434 956 441 ·
1152 409 1316 473 LXXXIII

164 626 297 689 rumque
312 626 434 672 morem
449 608 611 690 amplexus
627 627 709 673 sum.
724 626 796 671 uam
812 627 850 671 ne
864 606 895 671 in
910 606 961 671 hie
978 605 1107 689 quidem
1123 606 1248 672 codices
1267 607 1316 671 illi

166 713 226 777 sibi
251 716 403 779 constant
426 718 467 792 et,
493 714 521 778 si
543 715 625 779 tales
649 713 823 797 scripturas
847 713 956 796 quales
980 715 1055 781 sunt
1074 713 1242 797 filosophici
1264 715 1316 779 uel

161 820 328 902 philosofia
363 820 546 905 respexeris,
584 820 753 887 admodum
792 819 922 885 dubiam
960 839 1068 885 eorum
1108 820 1203 885 fidem
1245 840 1315 887 esse

164 927 343 1013 intelleges.
368 946 471 1011 neque
495 927 597 1013 magis
621 926 734 1009 inquid
755 927 809 991 uel
831 924 968 1007 relmuid
989 927 1104 1010 recepi,
1128 947 1201 993 cum
1225 927 1314 1007 mihi,

166 1036 192 1102 si
224 1036 259 1101 id
290 1035 451 1115 fecissem,
484 1035 538 1099 uel
570 1033 613 1097 ad
640 1032 700 1121 (ut)
730 1034 814 1115 quod
842 1032 943 1119 (quot)
970 1033 1071 1114 adque
1093 1034 1197 1114 capud
1219 1035 1315 1099 uelrrd

164 1142 327 1226 probanda
358 1140 506 1212 fuissent.
546 1141 655 1207 eadem
688 1141 809 1207 ratione
840 1140 873 1205 in
905 1140 1012 1206 uerbis
1045 1140 1159 1217 ludsem
1191 1142 1314 1219 emita,

164 1250 314 1315 scribtum
342 1268 421 1315 usus
450 1268 532 1328 sum,
561 1268 752 1331 quamquam
780 1246 878 1333 probe
907 1248 973 1313 scio
1002 1252 1036 1313 et
1057 1248 1116 1313 bas
1139 1248 1312 1331 scripturas

165 1361 195 1423 et
230 1357 305 1421 illas
343 1374 421 1438 quas
459 1358 532 1419 ante
570 1354 819 1421 commemoraui
854 1354 886 1418 in
922 1353 1027 1420 titulis
1065 1354 1161 1420 huius
1198 1356 1313 1421 aetatis

163 1482 399 1547 nonnumquam
435 1460 608 1549 reperiri1).
651 1462 735 1545 quod
771 1461 906 1545 denique
930 1461 1054 1541 Arius,
1096 1483 1157 1528 non
1193 1463 1313 1528 Arrius

164 1571 288 1655 scripsi,
314 1571 395 1637 seito
419 1572 473 1637 uel
495 1570 527 1635 in
552 1568 785 1653 antiquissimis
808 1569 899 1635 libris
917 1570 1037 1654 passim
1056 1569 1089 1635 in
1107 1570 1167 1634 hoc
1187 1571 1312 1636 nomine

161 1701 178 1743 r
200 1680 342 1744 litteram
366 1698 428 1744 non
452 1677 616 1762 duplicari.
640 1676 672 1741 in
697 1676 804 1743 uerbis
823 1676 1025 1761 quibusdam,
1044 1676 1077 1740 in
1097 1676 1213 1760 quibus
1231 1678 1311 1744 ratio

162 1784 321 1852 scribendi
344 1784 488 1863 fluctuat,
512 1784 616 1851 ueluti
638 1783 815 1849 bracchium
838 1782 1025 1871 (budrium)
1043 1784 1198 1865 quidquid
1215 1782 1311 1869 (quic-

161 1894 258 1978 quid),
282 1912 408 1976 semper
432 1891 556 1959 codices
585 1891 723 1976 optimos
752 1893 883 1957 secutus
912 1910 983 1957 sum
1011 1891 1151 1974 itemque
1183 1912 1309 1977 praepo-

161 1999 315 2065 sitionum
350 1998 616 2065 adsimilaticnem
648 1998 687 2063 ad
722 2017 831 2064 eorum
855 1998 1000 2063 codicum
1025 1999 1080 2081 qui
1103 1999 1135 2064 in
1158 1999 1310 2065 librorum

161 2106 361 2193 singulorum
400 2110 548 2173 contentu
591 2106 813 2172 constituendo
851 2105 988 2189 primum
1025 2107 1130 2171 locum
1169 2107 1311 2172 obtinent

160 2213 255 2279 fidem
295 2214 501 2280 conformaui.
538 2215 616 2279 haec
652 2213 753 2299 igitur
790 2232 873 2279 nunc
911 2214 1086 2290 sufficiant3
1126 2216 1237 2297 postea
1273 2217 1310 2280 ut

160 2340 268 2387 omnes
294 2320 453 2387 eiusmodi
474 2340 524 2386 res
544 2321 603 2387 sub
623 2340 686 2386 uno
711 2324 883 2403 conspectu
907 2319 1029 2403 positae
1048 2320 1140 2387 facile
1160 2321 1310 2406 cognosci

159 2428 294 2513 possint,
318 2428 422 2495 indice
446 2429 689 2513 orthographica
714 2428 838 2494 adiecto
862 2428 1036 2493 curabitur.

203 2534 266 2601 Sed
299 2535 361 2600 iam
394 2535 455 2601 hoc
489 2535 651 2602 uolumine
687 2535 828 2618 perlecto
865 2535 944 2601 uiris
983 2535 1129 2600 omnibus
1167 2537 1221 2619 qui
1257 2557 1308 2602 me

160 2642 293 2708 consilio
322 2646 354 2707 et
381 2662 475 2726 opera
503 2642 694 2710 adiuuerunt
721 2646 827 2727 grates
856 2642 994 2727 agendae
1022 2645 1106 2708 sunt.
1140 2664 1234 2727 quam
1266 2646 1306 2710 ob

158 2770 223 2815 rem
252 2752 377 2835 praeter
405 2769 460 2815 eos
488 2769 623 2832 quorum
650 2749 715 2815 iam
743 2752 816 2815 ante
843 2748 1126 2815 mentionem-feci
1153 2752 1305 2817 hocloco

158 2857 430 2943 bybliothecarum
456 2858 643 2941 praefectos,
669 2858 723 2940 qui
747 2857 785 2922 de
814 2855 930 2922 studiis
958 2856 1038 2921 meis
1062 2859 1181 2941 optime
1204 2879 1306 2925 meru·
1364 2919 1366 2927 ,

159 2968 259 3045 erunt,
300 2965 471 3031 honorifice
514 2984 737 3044 commemoro,
775 2964 813 3029 Α.
847 2963 1023 3042 (lariani,
1063 2965 1100 3031 R.
1132 2966 1305 3046 Harmer,

159 3071 196 3139 G.
222 3072 261 3137 de
284 3072 525 3152 Laubmann‚
550 3072 582 3139 S.
609 3070 640 3138 S.
670 3073 812 3150 Leues,
841 3072 933 3137 cuius
962 3072 1024 3136 uiri
1051 3073 1171 3157 egregii
1196 3074 1305 3141 imma-

156 3181 227 3245 tura
254 3182 356 3244 morte
384 3180 476 3244 nobis
505 3180 606 3262 erepti
632 3179 817 3245 memoriam
845 3179 898 3262 pia
929 3179 1145 3245 recordatione
1176 3202 1304 3262 renouo,

158 3286 190 3352 C.
210 3286 263 3351 W.
283 3285 428 3366 Moule,
451 3286 489 3351 Α.
509 3285 732 3366 Neubaner,
753 3287 788 3351 lu.
808 3288 846 3351 Β.
864 3286 1102 3366 Nicbolson,
1122 3286 1159 3352 A.
1179 3287 1303 3369 Batti,

155 3394 190 3459 ll.
219 3392 265 3460 M.
299 3393 536 3477 Thompson.
569 3393 601 3457 in
633 3393 744 3476 primis
777 3396 884 3458 autem
921 3392 1061 3459 uirorum
1093 3394 1305 3478 bybliothecis

156 3498 289 3565 Gallicis
311 3499 574 3583 praepositorum,
600 3500 653 3583 qui
676 3501 837 3584 praeclara
859 3499 909 3565 usi
932 3500 1123 3565 liberalitate
1146 3504 1196 3566 tot
1220 3502 1304 3566 codi-

157 3624 207 3670 ces
239 3606 459 3671 Uindobonam
493 3607 609 3673 missos
642 3606 721 3671 mihi
758 3605 1052 3691 suppeditauerunt‚
1089 3612 1184 3691 atque
1222 3608 1304 3673 inter

156 3712 213 3778 bos
249 3713 386 3779 maxime
422 3713 621 3797 Leopcldi
658 3713 817 3779 Delisle
854 3713 1000 3779 benificia
1036 3715 1068 3778 in
1105 3736 1156 3781 me
1189 3717 1305 3781 collata

157 3822 243 3903 grato
283 3818 387 3885 animo
424 3822 541 3886 recolo.
583 3820 663 3886 locis
701 3820 892 3903 quibusdam
929 3821 960 3885 in
994 3821 1157 3887 codicibus
1186 3822 1304 3887 iterum

155 3925 308 4009 inspectis
347 3928 507 4011 symbolas
545 3928 629 3991 baud
661 3947 776 4011 paruas
810 3930 1013 3994 contulerunt
1045 3930 1082 3993 R.
1115 3930 1233 4009 Ellis,
1265 3930 1301 3994 P.

157 4032 286 4117 Lejay,
316 4034 358 4097 Η.
388 4032 541 4113 Omont,
570 4034 605 4098 L.
634 4034 940 4113 Radermacher,
968 4036 1009 4099 H.
1037 4036 1185 4101 Vitelli
1213 4037 1303 4100 iuue-

200 4258 220 4325 1)
245 4258 278 4313 cf.
303 4257 422 4313 indicem
447 4258 590 4313 uerborum
615 4278 631 4314 a
653 4260 837 4315 Maximiliano
860 4260 921 4315 Ibm
949 4260 1062 4315 Damasi
1089 4262 1301 4332 Epigrammatis

113 4374 115 4377 ·
160 4346 300 4401 adiectum.

1232 4455 1264 4507 f*
