3175 5017
628 435 845 489 Praefatio.
1241 438 1315 503 XXI

208 634 337 697 Librum
373 632 411 696 de
443 630 634 714 paradiso
668 629 706 693 ab
730 629 910 705 Ambrosio,
934 633 971 693 ut
1003 631 1072 712 ipse
1097 630 1152 708 ait,
1175 631 1314 695 nondum

161 744 313 806 ueterano
347 738 510 803 sacerdote
544 736 758 818 conscriptum
791 754 861 799 esse
893 736 957 800 iam
996 734 1127 820 supra1)
1166 736 1312 802 diximus.

162 848 279 930 quibus
312 844 419 909 uerbis
452 844 506 907 ille
541 842 772 927 significauisse
805 842 932 907 uidetur
963 861 1025 907 non
1057 843 1161 907 solum
1193 842 1314 907 multos

161 972 257 1019 annos
282 952 355 1017 inde
380 952 418 1016 ab
437 951 499 1015 hoc
517 950 597 1014 libro
619 949 701 1013 edito
723 968 825 1030 usque
844 950 884 1013 ad
902 953 1040 1031 tempus,
1060 969 1121 1031 quo
1142 949 1311 1031 epistulam

161 1061 201 1125 ad
229 1059 383 1125 Sabinum
415 1058 514 1133 misit,
547 1056 758 1138 praeteriisse,
784 1056 841 1120 sed
873 1056 970 1120 etiam
1003 1075 1036 1120 se
1069 1059 1138 1119 tum
1171 1056 1310 1119 nondum

161 1166 239 1231 satis
272 1168 435 1229 maturum
467 1166 499 1227 et
531 1163 736 1227 exercitatum
770 1164 810 1227 ad
833 1182 901 1227 eam
924 1182 991 1227 rem
1021 1162 1206 1247 adgressum
1230 1182 1310 1227 esse.

159 1294 253 1355 quam
279 1273 406 1337 obrem
431 1288 510 1352 quae
534 1270 566 1333 iu
591 1269 730 1353 epistula
752 1270 810 1334 illa
832 1266 906 1352 post
930 1270 1038 1334 decem
1063 1270 1188 1334 circiter
1210 1290 1308 1335 annos

159 1380 278 1463 scripta
311 1378 348 1442 de
383 1377 491 1453 eadem
524 1376 658 1440 materia
690 1376 893 1458 disputantur
925 1379 1072 1441 accurate
1109 1377 1312 1441 examinanda

161 1489 236 1551 sunt
260 1486 307 1550 eis
333 1484 387 1567 qui
409 1484 570 1548 Ambrosii
594 1483 632 1547 de
656 1482 716 1547 hoc
742 1482 876 1547 Genesis
905 1484 1008 1566 capite
1032 1484 1206 1549 sententIas
1230 1484 1308 1548 bene

159 1611 351 1676 cognoscere
388 1592 500 1656 uelint.
537 1610 646 1655 ansam
682 1592 788 1655 autem
828 1591 923 1655 huius
955 1590 1029 1655 libri
1061 1590 1247 1656 conficiendi
1280 1590 1308 1655 ei

159 1700 314 1764 dederunt
337 1702 495 1765 sectarum
520 1697 636 1780 quibus
664 1700 740 1761 tune
769 1697 905 1761 ecclesia
928 1698 1110 1781 agitabatur
1133 1697 1307 1778 opiniones,

156 1806 398 1871 Manicheorum
437 1806 469 1869 et
507 1803 784 1869 Marcionistarnm
823 1808 917 1885 atque
958 1804 990 1867 in
1026 1804 1137 1886 primis
1173 1803 1308 1885 Apellis,

157 1913 328 1977 Marcionis
361 1910 521 1993 discipuli,
546 1910 584 1975 de
616 1930 678 1991 quo
711 1911 785 1975 uide
819 1931 898 1993 quae
932 1911 1078 1993 exposuit
1100 1912 1138 1975 A.
1161 1910 1308 1975 Hernaclr

156 2020 187 2083 in
210 2020 293 2083 libro
320 2019 446 2102 egregio
471 2017 508 2081 de
534 2017 654 2101 Apellis
678 2017 770 2101 gnosi
793 2018 994 2082 monarchiae
1017 2017 1142 2100 Lipsiae
1167 2036 1195 2081 a.
1220 2017 1307 2081 1874

157 2126 290 2193 emisso.
312 2126 340 2189 is
366 2126 545 2189 enimcum
570 2143 663 2207 opere
688 2124 896 2205 amplissimo,
922 2124 1005 2206 quod
1028 2124 1217 2206 inscriptum
1240 2126 1308 2187 erat

156 2230 366 2316 Συλλογισμοὶ,
392 2231 569 2314 composito
602 2231 636 2295 id
668 2234 785 2314 ageret,
810 2237 847 2296 ut
879 2232 973 2295 tidem
1000 2231 1154 2295 librorum
1183 2231 1238 2312 qui
1267 2231 1306 2292 ad

155 2338 288 2421 Moysen
316 2340 532 2403 referebantur
559 2338 707 2403 acerrime
735 2338 949 2421 impugnaret,
973 2343 1060 2403 tomo
1088 2337 1249 2401 tricesimo
1273 2340 1306 2400 et

157 2447 271 2509 octauo
296 2443 352 2531 (cf.
376 2446 453 2523 284,
479 2443 534 2530 19)
560 2443 693 2509 Genesis
718 2447 814 2525 caput
837 2445 971 2509 alterum
999 2445 1109 2509 eodem
1133 2444 1227 2507 modo
1251 2443 1304 2506 ad·

155 2568 284 2632 gressus
310 2554 368 2615 est.
407 2551 438 2615 in
462 2550 558 2615 huius
582 2550 683 2635 igitur
705 2551 892 2615 criminibus
916 2551 1141 2635 redarguendis
1165 2550 1239 2615 libri
1263 2549 1302 2613 de

153 2656 301 2737 paradiso
325 2656 431 2737 capita
453 2656 498 2721 VI
522 2656 583 2721 VII
606 2658 682 2722 VIII
705 2660 884 2722 uersantur.
909 2678 972 2740 qna
993 2678 1026 2721 re
1050 2658 1171 2723 factum
1195 2659 1304 2720 estut

154 2766 276 2843 septem
310 2764 414 2845 operis
446 2763 570 2845 Apellei
602 2762 814 2849 fragmenta²)
850 2785 884 2828 er
918 2764 1077 2829 Ambrosii
1113 2763 1302 2855 refutatIoue

154 2888 261 2932 eruere
287 2872 382 2951 atque
407 2869 634 2950 disputationis
652 2875 799 2955 ,tenorem
824 2888 1013 2954 cognoscere
1031 2871 1136 2934 liceat.
1161 2869 1302 2933 conferas

153 2994 271 3056 quaeso
306 2994 386 3057 quae
420 2975 457 3039 de
490 2976 549 3039 bac
581 2995 614 3039 re
648 2978 794 3058 exposuit
820 2978 967 3041 Harnaclr
993 2978 1024 3041 in
1054 2977 1192 3057 corporis
1217 2975 1302 3056 quod

151 3082 338 3147 inscribitur
352 3082 458 3147 ‘Teste
474 3083 539 3145 und
553 3078 923 3167 Untersucbnngen’uol.
934 3085 982 3149 HI
996 3085 1073 3149 taso.
1085 3086 1105 3147 3
1116 3103 1145 3164 p.
1160 3084 1221 3146 116
1232 3101 1301 3163 sqq.

152 3208 232 3269 quae
257 3190 365 3251 autem
387 3187 506 3252 fuerint
525 3194 720 3271 argumenta,
741 3190 858 3271 quibus
877 3190 908 3252 in
928 3189 1099 3253 refellendo
1120 3208 1155 3252 66
1175 3188 1301 3251 demon-

152 3292 279 3357 strando
304 3292 493 3359 Ambrosius
522 3315 600 3359 usus
631 3300 689 3375 est,
715 3296 869 3379 explicare
897 3316 957 3361 nou
986 3317 1092 3360 meum
1117 3314 1187 3359 esse
1210 3298 1298 3375 puto.

152 3402 257 3479 adeas,
278 3402 418 3481 sinclis,
438 3402 476 3467 de
496 3404 553 3467 hac
574 3424 605 3466 re
625 3404 811 3469 Kellnerum
830 3426 861 3487 p.
878 3406 919 3469 89
939 3425 1008 3487 sqq.
1029 3400 1299 3467 etHamaehium.

150 3508 184 3571 id
215 3528 315 3573 unum
347 3509 407 3573 hoc
440 3509 510 3574 loco
544 3510 656 3574 addam
691 3510 728 3575 de
758 3511 940 3594 Symmachi
972 3515 1004 3574 et
1030 3510 1148 3593 Acylae
1182 3506 1299 3571 ueteris

149 3614 334 3679 testamenti
369 3615 628 3697 interpretatione
667 3618 872 3682 Ambrosium
908 3618 1049 3694 sectione
1083 3618 1123 3679 27
1158 3615 1298 3696 disputa·

116 3764 119 3768 -
151 3719 247 3783 uisse.
272 3723 433 3803 praeterea
457 3722 748 3804 obseruesquaeso
774 3744 846 3788 eum
865 3726 929 3789 iam
946 3729 1015 3789 tum
1034 3723 1177 3788 Philonis
1200 3722 1298 3785 libros

151 3828 227 3889 bene
259 3826 405 3910 cognitos
438 3826 599 3892 habuisse.
641 3832 735 3911 atque
768 3830 798 3895 in
832 3831 892 3896 hoc
919 3832 1028 3895 libello
1057 3832 1125 3894 solo
1153 3828 1297 3893 Philonis

150 3952 262 3997 nomen
288 3932 406 3997 adtulit
429 3954 491 3998 uno
515 3935 586 4000 loco
611 3935 700 4016 (281,
722 3936 789 4022 21),
811 3940 909 4002 altero
929 3938 1018 4022 (271,
1039 3936 1072 4023 8)
1093 3957 1165 4001 enm
1190 3938 1296 4018 aperte

150 4038 352 4123 significauit.
391 4040 537 4105 adhibuit
565 4046 670 4108 autem
699 4044 739 4107 ad
766 4045 826 4109 hoc
851 4047 1042 4127 opusculum
1067 4042 1295 4108 conficiendum

191 4246 199 4281 ¹
251 4290 256 4301 .
276 4246 355 4302 VIII.

189 4258 210 4404 ²))
229 4265 263 4387 if.
284 4335 347 4399 286,
367 4336 414 4399 23;
435 4338 496 4401 287,
516 4339 562 4402 23;
583 4340 643 4404 289,
664 4342 694 4405 8;
715 4342 775 4405 292,
796 4344 826 4408 5;
846 4342 906 4406 294,
926 4344 955 4407 9;
975 4345 1036 4406 296,
1058 4345 1104 4409 19;
1124 4342 1186 4406 298,
1208 4343 1231 4395 1.
