3175 5017
277 435 342 499 636
392 517 396 524 ,
747 430 943 484 Ambrosii

275 627 308 691 in
340 646 391 691 me
424 626 620 702 castimonia,
653 627 685 690 in
716 645 768 690 me
797 627 912 702 uirtus,
939 625 971 689 in
999 645 1049 688 me
1077 624 1211 703 iustitia,
1240 645 1290 688 me
1319 624 1423 689 solum

274 735 390 817 regunt
418 732 554 797 etmihi
582 732 782 797 dominantur
810 737 842 796 et
870 735 945 797 sunt
973 731 1137 807 mortales;
1162 731 1316 794 moriente
1340 730 1424 794 enim

275 859 327 904 me
350 841 521 905 soluuutur
543 842 576 904 et
597 839 777 904 moriuntur
801 840 896 904 etiam
923 838 989 903 illa.
1023 857 1102 920 quae
1127 842 1233 902 autem
1256 836 1425 920 prudentia

275 947 464 1029 generaliter
495 946 621 1024 dicitur,
656 966 735 1028 quae
768 945 968 1021 castimonia,
998 965 1078 1027 quae
1105 944 1258 1008 fortitudo
1287 946 1424 1008 ceterae-

274 1073 336 1135 que
358 1053 495 1119 uirtutes
519 1053 718 1136 principales,
743 1053 800 1118 sed
823 1053 1010 1138 generaliter
1033 1052 1222 1136 principales
1245 1054 1277 1116 et
1294 1050 1423 1135 reginae
1453 1078 1464 1115 a
1488 1054 1506 1108 C

274 1161 429 1242 quaedam
452 1161 648 1234 inmeantes,
670 1160 703 1225 in
726 1160 777 1224 his
802 1163 944 1244 potestas
969 1163 1028 1237 est,
1050 1158 1218 1224 inmortale
1240 1157 1322 1222 illud
1339 1159 1423 1240 prin-

273 1267 385 1348 cipale,
419 1267 504 1332 sicut
536 1271 586 1331 est
617 1266 725 1349 regina
757 1265 902 1340 ecclesia,
937 1285 1017 1347 quae
1049 1284 1110 1330 uon
1142 1285 1194 1330 me
1224 1285 1335 1342 unum,
1366 1263 1424 1329 sed

272 1374 440 1438 uniuersos
472 1375 566 1458 regit.
600 1393 674 1457 ergo
707 1373 847 1456 speeiem
880 1372 911 1436 in
946 1391 1058 1456 genus,
1087 1373 1267 1454 partemin
1295 1371 1424 1435 uniuer-

272 1479 411 1559 sitatem,
449 1480 748 1562 corruptibilitatem
785 1479 816 1542 in
858 1478 1194 1562 incorruptibilitatem
1235 1497 1422 1544 conuersam

272 1587 429 1664 uidemus,
458 1607 538 1670 quae
570 1588 674 1652 omnia
710 1586 863 1652 ecelesiae
901 1586 1068 1652 conuenire
1101 1588 1222 1651 certum
1256 1602 1318 1661 est3
1358 1605 1465 1650 1161116
1570 1615 1571 1636 ÷

271 1694 354 1758 enim
388 1695 538 1776 specialis
570 1693 748 1770 haec‚⁴sed
777 1694 933 1778 generalis
961 1693 1042 1756 ratio
1071 1696 1121 1758 est
1148 1692 1339 1775 1166661116,
1363 1692 1423 1757 sed

270 1801 490 1865 uniuersitatis
524 1801 622 1866 salus.
658 1801 793 1884 ideoque
826 1801 876 1864 his
907 1799 1168 1883 praecedentibus
1202 1819 1275 1864 eum
1307 1818 1421 1863 unum-

271 1927 429 1990 quemque
456 1908 624 1991 prudentia
652 1927 710 1972 sua
738 1907 778 1971 ad
805 1909 884 1971 hanc
908 1906 1112 1990 principalem
1138 1910 1171 1972 et
1193 1906 1340 1971 diffusam
1363 1925 1422 1989 per
1482 1907 1504 1959 D

270 2033 377 2079 omnes
406 2016 541 2078 salutern
571 2013 746 2090 deduxerit,
774 2013 807 2077 in
837 2031 899 2095 qua
922 2013 990 2078 ions
1015 2013 1189 2095 sapientiae
1211 2013 1420 2095 iustitiaeque

269 2124 329 2197 est,
356 2120 528 2203 requiritur
555 2120 716 2204 generatio
745 2124 778 2184 et
806 2119 858 2184 ille
887 2121 1043 2202 perfectae
1066 2125 1176 2203 partus
1198 2121 1420 2195 iucunditatis,
1440 2145 1463 2184 a

269 2228 359 2291 cuius
387 2247 500 2292 nomen
528 2227 631 2302 Isaae;
661 2226 749 2291 nulla
775 2227 858 2290 anim
888 2227 1000 2292 melior
1022 2227 1171 2309 uoluptas
1195 2247 1288 2310 quam
1314 2248 1419 2292 emen.

268 2333 360 2398 datae
392 2334 494 2418 gratia
527 2334 748 2400 eonscientiae.
781 2334 854 2398 111116
883 2334 1031 2416 Epicurei
1062 2337 1224 2398 traxerunt
1255 2353 1419 2398 summum

266 2441 385 2506 bonum
408 2442 608 2522 uoluptatem
633 2460 713 2520 esse,
734 2441 879 2505 sedeam
899 2440 1037 2523 corporis
1056 2441 1159 2524 magis
1179 2441 1418 2523 inquinamento

268 2566 364 2629 quam
387 2548 558 2612 sobrietate
582 2548 698 2613 mentis
727 2548 988 2614 aestimauerunt.

222 2651 266 2714 86
313 2653 1503 2737 (161666166161161161161116661111116166161111111161161111611
1571 2737 1572 2740 Ἴ

269 2763 309 2823 61
338 2761 459 2826 risit?
492 2765 525 2826 et
552 2762 604 2826 hie
632 2761 809 2826 reuerentia
841 2760 1047 2845 significatur,
1076 2760 1161 2843 quod
1187 2760 1297 2825 timuit
1320 2762 1419 2826 deum

268 2869 360 2931 uelut
385 2867 484 2932 libero
511 2869 579 2933 risu
606 2868 744 2944 laedere,
771 2868 918 2950 quamuis
945 2867 1030 2932 risus
1058 2867 1213 2932 laetitiam
1242 2868 1419 2935 declararet

268 2973 331 3036 uiri
356 2973 446 3050 iusti,
475 2974 529 3056 qui
557 2975 656 3038 tantis
685 2974 905 3058 gratulabatur
930 2972 1105 3056 promissis.
1133 2973 1299 3040 nonenim
1325 2974 1417 3040 dubi-

268 3081 364 3144 tantis
397 3081 449 3146 hic
480 3081 575 3156 risus,
604 3081 661 3146 sed
688 3081 845 3146 credentis
873 3081 945 3146 fuit.
980 3080 1076 3144 simul
1104 3081 1179 3162 quia
1201 3081 1319 3145 cadunt
1342 3085 1416 3146 ante

268 3187 362 3252 deum
396 3189 501 3254 omnia
532 3192 565 3252 et
592 3191 757 3252 mutantur
784 3191 817 3250 et
842 3190 1016 3264 transeunt,
1047 3187 1114 3251 sola
1136 3187 1193 3250 illa
1214 3187 1415 3252 inmutabilis
1435 3216 1461 3254 16

268 3297 333 3358 stat
351 3315 475 3378 semper
494 3296 683 3361 substantia.
703 3300 760 3360 aut
777 3296 911 3360 tortasse
932 3295 1012 3359 etin
1032 3296 1091 3359 hoe
1109 3295 1261 3377 mysterio
1280 3295 1417 3379 prophe·

266 3401 351 3465 teuit
368 3402 526 3465 Abraham
550 3403 713 3466 dominum
731 3403 850 3477 Iesum,
875 3402 959 3483 quod
981 3421 1037 3483 per
1060 3401 1295 3483 susceptionem
1314 3402 1415 3466 domi·
1481 3401 1500 3454 F

266 3509 330 3572 nici
359 3509 497 3591 corporis
527 3512 558 3573 et
580 3510 842 3573 resurrectionem
865 3508 946 3572 tanti
970 3508 1144 3590 conplenda
1167 3508 1286 3574 oraculi
1310 3510 1415 3592 gratia

266 3615 355 3680 foret.
393 3616 503 3679 adorat
533 3616 632 3698 igitur
664 3635 724 3679 non
759 3617 950 3680 elementum
983 3619 1095 3692 terrae,
1128 3615 1166 3678 de
1200 3635 1261 3698 quo
1291 3615 1413 3680 dictum

266 3727 329 3785 est:
364 3726 404 3785 et
431 3722 596 3787 adorate
625 3723 854 3786 scabellum
879 3723 977 3800 eius,
1003 3723 1191 3805 quoniam
1215 3724 1411 3786 sanctum.
1431 3750 1458 3790 ao

355 3941 388 3994 15
407 3939 486 3992 Philo
505 3940 590 4008 Legg.
611 3940 691 4009 alleg.
710 3940 805 3994 11177
826 3940 896 4006 (131,
916 3941 945 4003 8;
965 3941 979 3993 Ι
999 3941 1059 4006 162,
1078 3941 1095 3993 6
1116 3939 1158 4007 0.)
1226 3941 1262 3994 20
1280 3939 1347 3995 Gen.
1368 3940 1410 4001 17.
1517 3971 1522 3978 ·

266 4029 299 4081 17
318 4028 397 4082 Philo
417 4027 528 4093 Quaest.
547 4029 590 4081 ΙΠ
608 4032 642 4083 55
693 4029 727 4083 30
746 4029 845 4083 Psaim.
865 4029 1053 4082 LXXXXVIII
1072 4032 1088 4083 5

300 4172 316 4223 6
336 4169 468 4239 quaedam
488 4170 640 4224 inmortalis
658 4169 740 4224 PBG
813 4171 843 4224 ll
863 4169 931 4224 haee
950 4173 992 4224 est
1011 4168 1070 4222 OM
1141 4171 1172 4224 15
1191 4169 1370 4223 iocunditatis
1386 4168 1414 4222 P

265 4261 292 4322 (o
312 4274 345 4313 66
363 4261 391 4324 u)
411 4263 457 4314 cet
515 4260 546 4313 16
567 4259 610 4314 cui
628 4259 656 4312 B
727 4275 825 4312 nomen
840 4258 867 4311 P
883 4275 982 4312 nomen
1001 4262 1042 4312 est
1061 4263 1108 4312 eet.
1181 4257 1276 4311 melior
1295 4261 1337 4310 est
1350 4257 1415 4311 DN

264 4347 299 4399 22
318 4346 468 4400 declararet
481 4348 615 4401 laetitiam
629 4348 696 4400 iusti
709 4347 762 4401 uiri
775 4347 803 4400 B
858 4347 892 4403 30
911 4351 1034 4402 sanetum
1049 4347 1104 4400 ΡΙ)
1118 4350 1241 4400 sanctum
1257 4349 1298 4400 est
1315 4347 1346 4400 T⁴
1361 4351 1409 4400 661.
