3175 5017
364 438 406 492 De
425 437 562 492 Abrabam
580 438 609 492 11
629 439 671 503 11,
690 439 797 494 tto-82
835 440 859 506 (Ι
878 439 931 496 348
949 441 1061 496 11-349
1074 441 1117 511 Ε).
1246 446 1310 510 633

163 637 272 699 autem
305 633 455 698 infantiae
492 635 524 700 in
561 634 672 718 primis
710 635 874 720 uagitibus
912 635 1094 702 circumcidi
1125 655 1228 703 maras
1260 638 1310 702 111

162 741 262 819 iubat,
290 741 386 806 atiam
413 741 613 819 uernaculos‚
641 741 716 824 quia
742 743 828 809 sicut
855 743 893 808 ab
921 743 1054 808 infantia
1075 748 1241 826 peccatum
1264 744 1311 809 ita

160 849 201 912 ab
222 848 368 912 infantia
393 848 604 914 circumcisio.
636 850 761 914 nullum
789 854 917 932 tempus
946 869 1084 915 uacuum
1112 850 1208 916 debet
1239 869 1309 916 esse

161 955 293 1033 tutelae,
317 955 392 1039 quia
414 957 539 1022 nullum
562 960 612 1022 est
634 959 747 1040 culpae
765 976 915 1022 uacuum.
940 959 973 1022 at
990 957 1095 1022 infans
1112 958 1309 1023 reuocandus
1333 970 1355 1027 c

130 1081 180 1126 sa
203 1066 334 1145 peccato
358 1067 419 1142 est,
442 1083 481 1128 ne
504 1064 668 1130 idolatriae
691 1064 853 1148 polluatur
880 1064 1026 1148 contagio
1056 1067 1089 1130 et
1114 1084 1152 1130 ne
1181 1064 1309 1130 adorare

161 1170 332 1236 adsuescat
362 1171 484 1236 idolum
518 1174 551 1236 et
577 1171 752 1237 exosculari
779 1171 995 1246 simulacrum,
1022 1171 1162 1254 parentis
1189 1171 1308 1238 uiolare

161 1276 282 1356 nidum,
314 1280 466 1362 pietatem
497 1279 633 1344 laedere.
664 1278 761 1344 simul
792 1298 832 1342 na
864 1279 1033 1361 quisquam
1063 1277 1201 1358 indetur,
1224 1278 1309 1363 quod

161 1382 222 1446 sibi
260 1383 366 1448 iustus
403 1384 559 1462 uideatur,
597 1384 709 1450 aetatis
747 1384 928 1450 maturioris
964 1403 1118 1466 processu
1149 1385 1308 1450 Abrabam

160 1489 347 1555 circumcidi
382 1490 521 1556 iubetur.
558 1511 616 1558 nac
653 1511 747 1557 senex
783 1510 858 1576 ergo
895 1491 1076 1575 proselytus
1112 1511 1169 1557 nac
1205 1492 1307 1560 inians

117 1624 141 1662 ro
158 1597 352 1662 uernaculns
375 1597 538 1681 excipitur,
562 1599 637 1680 quia
659 1598 762 1663 omnis
781 1603 868 1664 aetas
887 1602 1016 1680 peccato
1036 1598 1169 1664 obnoxia
1187 1602 1220 1662 at
1237 1599 1308 1664 ideo

160 1704 263 1767 omnis
287 1707 375 1770 aetas
398 1710 596 1770 sacramento
619 1705 742 1770 idonea.

77 1815 115 1876 82
204 1810 253 1874 ut
276 1811 355 1875 erit
377 1811 482 1894 inquit
504 1816 799 1878 tastamentum
818 1831 945 1876 meum
964 1812 1003 1876 in
1023 1831 1140 1876 carne
1160 1815 1307 1878 uestra.
1327 1826 1351 1879 Ι)

157 1917 292 1983 forsitan
314 1920 470 1984 referatur
491 1919 552 1984 hoc
573 1920 660 1984 loco:
684 1904 852 2002 ‘quomodo
877 1918 1054 2000 spiritalem
1077 1919 1157 1984 dicis
1177 1920 1308 1984 circum⁴

157 2025 324 2104 cisionem,
340 2045 413 2090 cum
432 2028 596 2091 oraculum
614 2026 712 2091 dicat:
733 2027 794 2090 erit
811 2027 1038 2091 testamentum
1058 2025 1308 2091 circumcisionis

116 2157 140 2197 is
158 2133 189 2196 iu
214 2152 306 2197 carne
330 2137 469 2198 uestra?’
492 2135 583 2216 quasi
606 2153 682 2198 uero
705 2135 828 2198 animae
853 2132 954 2198 solius
979 2139 1011 2198 et
1034 2153 1096 2198 non
1123 2134 1307 2216 passionum

159 2240 301 2322 corporis
334 2240 478 2324 exigatur
510 2242 729 2322 temperantia.
762 2261 835 2309 nam
867 2245 899 2306 at
932 2240 1022 2305 uisus
1056 2243 1088 2304 et
1119 2239 1248 2304 auditus
1277 2245 1309 2304 at

159 2346 266 2411 odoris
290 2331 323 2412 ct
346 2351 462 2431 gustus
486 2352 519 2414 et
540 2351 646 2413 tactus
671 2351 704 2413 et
726 2349 815 2414 uocis
838 2348 941 2429 ipsius
966 2347 1127 2430 quaeritur
1154 2345 1308 2429 quaedam

159 2455 360 2532 castimonia,
392 2455 466 2537 quia
499 2459 532 2520 et
562 2457 654 2521 uisus
685 2455 846 2539 procacior
876 2455 973 2520 babet
1004 2454 1130 2530 cumen,
1169 2456 1201 2518 et
1236 2452 1307 2518 ideo

158 2560 314 2642 scriptum
347 2564 412 2626 ast:
445 2561 529 2626 noli
561 2562 776 2626 intendere
809 2559 954 2626 fallaci
984 2559 1151 2625 mulieri
1179 2577 1307 2641 neque

114 2669 337 2751 socapiaris
370 2668 506 2748 oeulis
539 2687 666 2751 neque
701 2667 925 2751 abripiaris
958 2666 1182 2750 palpebris,
1216 2669 1248 2731 et
1274 2666 1306 2730 in

157 2775 226 2857 ipso
260 2775 373 2839 auditu
408 2764 526 2840 crimen
560 2777 620 2852 est,
663 2775 692 2839 si
727 2774 862 2840 seducat
896 2777 928 2838 ta
960 2772 1107 2838 meretrix
1140 2776 1173 2838 et
1203 2773 1351 2839 multoc

157 2882 376 2946 blandimento
407 2882 562 2946 sermonis
590 2884 624 2946 et
644 2881 768 2963 laqueis
791 2881 949 2946 labiorum
974 2899 1105 2945 suorum
1128 2883 1159 2945 ta
1184 2881 1306 2963 alligat.

159 2988 239 3053 etin
257 2989 330 3070 ipso
353 2992 441 3052 tactu
461 2988 580 3052 crimen
604 3001 663 3062 est,
687 2988 821 3070 ideoque
844 2988 904 3052 tibi
927 2988 1057 3052 dicitur:
1082 3007 1127 3052 na
1149 2988 1306 3052 multus

158 3096 290 3160 fueris
320 3095 366 3158 ad
394 3096 570 3159 alienam
597 3114 725 3176 neque
758 3094 1015 3160 continuaris
1049 3094 1306 3177 amplexibus

114 3227 140 3266 a
158 3221 230 3265 non
264 3206 385 3276 tuam,
419 3205 451 3266 at
478 3202 510 3265 in
536 3221 617 3265 noca
641 3202 735 3284 culpa
758 3205 821 3278 est;
846 3201 979 3284 laqueus
1004 3202 1087 3265 enim
1110 3201 1306 3266 fortissimus

159 3313 207 3372 est
230 3309 353 3374 homini
377 3327 435 3377 sua
459 3308 543 3372 labia
566 3310 599 3372 et
622 3308 790 3373 abducitur
819 3327 837 3371 a
863 3308 956 3373 labiis
990 3308 1040 3372 sui
1074 3308 1148 3373 oris.
1181 3311 1213 3372 et
1243 3309 1307 3372 mel
1404 3356 1405 3360 ,

157 3416 262 3496 ipsum
287 3415 354 3479 noli
374 3415 512 3479 multum
536 3415 638 3489 edere,
661 3434 700 3478 na
723 3433 845 3479 uomas.
869 3417 994 3496 oportet
1017 3427 1091 3498 ergo
1110 3417 1147 3479 ut
1166 3415 1307 3479 omnium

159 3541 310 3587 sensuum
332 3525 427 3587 scruta
450 3522 492 3585 sit
514 3520 699 3597 moderatio,
724 3539 762 3584 ne
785 3525 842 3584 aut
859 3521 998 3602 impetus
1018 3522 1050 3584 in
1069 3521 1185 3584 uitium
1204 3522 1308 3584 trahat

247 3765 282 3817 12
302 3763 369 3818 Gen.
390 3763 432 3827 17,
449 3763 481 3817 13
501 3763 580 3815 Philo
604 3761 714 3827 Quaest.
738 3763 781 3817 111
804 3765 837 3817 51
932 3764 964 3816 19
984 3763 1111 3816 Prouerb.
1132 3765 1156 3828 5,
1176 3764 1206 3826 3;
1226 3764 1252 3826 6,
1272 3766 1306 3818 25

159 3854 192 3908 23
211 3853 340 3907 Prouerb.
360 3854 386 3917 5,
405 3853 440 3906 20
495 3853 529 3905 26
548 3852 677 3905 Prouerb.
697 3854 741 3915 25,
760 3854 794 3906 27

192 4008 345 4058 4111111111
364 4006 407 4057 cst
426 4002 520 4073 cnlpae
539 4002 567 4055 B
638 4005 780 4056 reuocetur
800 4001 897 4069 (andus
917 4006 962 4054 1113
980 4019 1001 4055 a.
1022 4005 1092 4065 atur)
1112 4002 1140 4055 P
1210 4003 1225 4056 7
1245 4003 1306 4067 nitu

159 4094 231 4163 (dum
250 4097 299 4147 m3
316 4111 338 4147 3.
357 4094 398 4160 aa)
417 4092 445 4145 Ρ
515 4093 532 4146 9
560 4092 712 4160 proselytus
730 4091 757 4144 P
775 4091 921 4161 proselitus
941 4097 988 4145 cet.
1063 4092 1095 4144 17
1125 4091 1253 4146 odoratus
1271 4092 1309 4144 M

193 4184 273 4237 iatine
291 4181 325 4240 N
395 4182 428 4236 18
456 4182 567 4249 crimen]
588 4196 677 4234 curam
695 4179 728 4233 N
800 4181 832 4234 19
861 4180 945 4234 nolite
964 4180 994 4234 D
1066 4180 1098 4232 21
1128 4183 1156 4234 te
1176 4196 1227 4234 om.
1247 4181 1310 4234 DN

160 4273 193 4324 23
210 4272 327 4341 ideoque
346 4270 433 4324 PCM
449 4271 512 4324 ideo
531 4276 577 4324 cet.
658 4271 692 4324 26
712 4274 754 4323 est
772 4286 824 4324 oca.
843 4269 876 4324 N
944 4269 1061 4323 hominis
1084 4269 1142 4324 CM
1216 4270 1250 4324 28
1271 4271 1309 4323 sit

159 4377 181 4413 a.
198 4378 225 4414 a.
243 4365 292 4414 m3
309 4361 337 4413 P
