3175 5017
624 457 844 515 Praefatio.
1177 461 1307 531 LXXXI

152 650 286 715 ficandis
312 652 556 736 adquieuerunt,
575 674 655 736 quos
673 654 728 719 1116
748 658 804 719 aut
822 655 1021 739 singulorum
1040 656 1205 736 librorum,
1223 658 1306 727 unda

154 748 406 843 deprompsenat,
431 760 613 825 nominibus
642 760 774 827 adiectis
804 762 913 827 autin
937 762 1124 827 uniuersum
1149 763 1315 849 eiusmodi

153 866 261 931 uerbis
297 869 390 933 uelut
422 868 477 932 ‘ait
505 869 662 951 scriptura
691 868 810 933 diuina'
837 869 890 933 uel
917 870 982 948 ‘ait
1009 869 1124 953 inquit'
1151 871 1306 953 adpositis

156 973 288 1051 adtulit3
324 977 457 1053 ceteros,
483 974 537 1058 qui
554 976 644 1058 ¹apud
670 996 742 1040 eum
767 976 901 1042 orationi
924 976 1036 1041 intexti
1059 996 1095 1041 ao
1118 978 1306 1060 plerumque

90 1079 93 1083 ’
153 1082 276 1163 passim
294 1083 458 1147 immutati
476 1084 636 1167 leguntur,
651 1102 720 1148 raro
739 1087 954 1167 respexerunt.
980 1104 1059 1167 quae
1078 1103 1127 1151 res
1147 1105 1183 1151 co
1202 1086 1305 1169 magis

155 1189 234 1253 mira
253 1189 393 1270 uidetur,
414 1210 475 1273 quo
494 1191 622 1255 facilius
644 1190 766 1273 aliquot
785 1191 942 1257 eiusmodi
961 1194 1116 1271 locorum,
1140 1212 1219 1274 quos
1242 1192 1306 1275 ipsi

154 1298 367 1379 neglexerant,
392 1297 538 1363 notitiam
569 1318 604 1363 ex
631 1298 783 1364 indiculis
812 1300 1009 1383 marginibus
1033 1299 1181 1365 editionis
1207 1298 1305 1365 Gillo·

155 1403 259 1468 tianae
285 1408 318 1469 et
335 1406 495 1471 Romanae
519 1406 689 1489 adscriptis
715 1406 776 1471 sibi
796 1425 976 1489 comparare
994 1406 1185 1489 potuissent.
1210 1425 1305 1488 quam

157 1510 287 1577 ob'rem
313 1512 363 1576 bis
386 1497 477 1578 libris
502 1513 610 1596 eisque
634 1515 690 1596 qui
713 1533 731 1577 a
754 1514 913 1597 theologis
933 1513 1173 1580 concordantiae
1192 1513 1303 1578 biblio·

154 1638 225 1682 rum
250 1638 413 1686 sacrorum
436 1625 591 1687 uocantur
613 1621 782 1706 diligenter
805 1622 957 1686 adhibitis
976 1621 1120 1705 ipsisque
1140 1620 1306 1704 scripturis

156 1726 255 1791 sacris
284 1727 401 1792 iterum
428 1728 608 1811 iterumque
637 1729 776 1793 euolutis
804 1748 953 1814 magnam
982 1748 1088 1793 curam
1116 1747 1305 1811 operamque

154 1832 186 1896 in
214 1833 336 1898 talibus
364 1835 455 1915 locis,
480 1855 560 1918 quos
584 1835 772 1900 Ambrosius
803 1839 859 1900 aut
882 1835 922 1899 ad
944 1836 1077 1900 uerbum
1101 1835 1228 1901 rettulit
1251 1838 1307 1901 aut

154 1944 280 2006 tantum
306 1941 509 2026 significauit,
533 1942 709 2007 indicandis
734 1942 927 2025 consumpsi.
963 1963 1025 2024 quo
1053 1943 1085 2006 in
1113 1942 1241 2026 negotio
1266 1942 1304 2007 de

154 2048 234 2113 locis
259 2049 451 2130 quibusdam
476 2049 676 2115 dubitantem
700 2050 833 2115 oonsilio
857 2069 908 2114 me
931 2050 1058 2115 adiuuit
1080 2050 1202 2133 collega
1219 2050 1304 2114 litte-

155 2174 261 2220 rarum
281 2174 442 2221 sacrarum
461 2156 676 2245 peritissimus
702 2156 739 2223 G.
765 2157 955 2221 Loesohe.
980 2156 1086 2221 sedin
1107 2159 1196 2221 tanta
1214 2157 1305 2221 testi-

154 2264 333 2328 moniorum
359 2264 450 2349 copia
473 2266 567 2347 atque
586 2265 730 2329 ubertate
750 2264 836 2328 baud
854 2263 947 2328 facile
966 2264 1154 2328 contendere
1173 2263 1304 2328 audebis

155 2373 185 2433 te
211 2370 317 2435 omnia
340 2371 553 2456 indagauisse.
578 2390 613 2435 ac
637 2371 705 2436 11611
729 2390 803 2436 sane
827 2373 935 2455 potest
957 2373 1003 2446 ut,
1023 2371 1099 2435 dum
1122 2370 1218 2435 unius
1242 2372 1304 2435 loci

155 2478 312 2562 originem
335 2481 367 2543 te
392 2479 605 2562 explorauisse
627 2478 766 2558 16616116,
785 2497 856 2543 mox
877 2479 957 2543 alter
974 2478 1090 2543 mentis
1109 2479 1183 2541 tuae
1203 2479 1303 2543 aciem

155 2585 297 2669 effugiat.
322 2604 424 2667 neque
449 2606 522 2651 nero
548 2586 610 2651 6161
633 2586 799 2651 adsiduam
823 2586 855 2649 in
879 2586 976 2651 libros
1000 2605 1106 2651 666166
1134 2585 1303 2650 lectionem

152 2692 306 2777 impendi,
325 2692 423 2757 talem
448 2693 550 2775 qualis
573 2692 605 2757 in
629 2693 808 2757 litterarum
833 2692 1013 2760 diuinarum
1038 2691 1213 2757 cultoribus
1234 2710 1304 2755 csse

154 2802 237 2865 solet
264 2800 480 2884 cognitionem
507 2818 558 2865 me
587 2802 793 2865 consecutum
822 2818 893 2865 6666
926 2798 1131 2882 adfirmem1).
1170 2798 1304 2883 deniquo

153 2906 345 2973 Ambrosius
373 2906 560 2990 saepissime
588 2926 649 2972 non
677 2907 819 2991 integros
847 2909 947 2986 locos,
972 2906 1028 2973 sed
1054 2925 1157 2989 pauca
1178 2908 1304 2970 tantum

153 3013 251 3078 uerba
283 3014 399 3079 ceteris
433 3014 470 3079 de
503 3034 561 3080 suo
595 3014 711 3080 additis
745 3014 879 3080 orationi
905 3014 1050 3079 inseruit.
1089 3017 1191 3079 totam
1220 3012 1303 3077 enim

154 3140 275 3185 sacram
305 3121 494 3205 scripturam
523 3122 685 3201 memoria,
712 3141 791 3205 quae
822 3122 854 3186 in
878 3141 914 3187 eo
940 3141 1034 3203 quam
1057 3120 1192 3185 maxime
1215 3119 1302 3202 uige-

152 3228 218 3307 bat,
247 3227 529 3312 complectebatur,
557 3228 602 3294 ita
630 3231 745 3306 tamen,
775 3231 824 3307 ut,
848 3228 877 3293 si
903 3247 998 3311 quem
1024 3227 1132 3292 locum
1156 3224 1304 3290 adbibere

152 3336 263 3416 uellet,
294 3337 392 3416 caput
422 3334 597 3399 sententiae
630 3335 726 3418 probe
758 3337 891 3413 teneret,
921 3354 1000 3417 qnae
1033 3336 1138 3399 autem
1171 3332 1302 3398 minoris

153 3441 314 3507 momenti.
329 3444 435 3507 esseut
453 3461 514 3507 non
534 3442 610 3507 item
629 3446 777 3527 prompta
796 3462 831 3509 66
847 3445 956 3526 parata
970 3442 1109 3507 baberet.
1129 3440 1190 3504 boc
1204 3438 1303 3523 igitur

153 3543 302 3628 adsciuit,
321 3548 378 3613 illa
400 3552 455 3615 aut
478 3550 616 3633 neglexit
639 3554 696 3615 aut
713 3553 750 3615 ut
769 3551 799 3616 ei
818 3553 929 3633 aptum
948 3568 1023 3621 6666,
1037 3547 1208 3613 uidebatur
1226 3566 1301 3627 sup·

152 3658 265 3741 pleuil.
284 3657 347 3721 nisi
366 3656 447 3722 forte
467 3658 670 3723 statuendum
690 3661 740 3724 est
759 3678 832 3723 eum
851 3658 996 3723 consulto
1017 3656 1162 3741 grauiora
1178 3656 1302 3718 tantum

152 3765 251 3829 uerba
264 3764 451 3847 respexisse,
473 3766 576 3829 661616
596 3766 721 3831 omnino
741 3785 803 3831 non
823 3765 994 3832 curanisse.
1014 3763 1046 3828 in
1065 3762 1175 3846 primis
1194 3763 1303 3825 autem

153 3866 246 3937 Pauli
279 3872 435 3955 epistulas
464 3872 606 3937 studiose
635 3873 848 3953 lectitauorat,
877 3893 956 3956 quas
984 3872 1029 3937 ita
1055 3871 1166 3936 infixas
1196 3868 1302 3933 animo

153 3978 301 4057 babebat,
326 3980 363 4042 nt
387 3978 582 4060 saepissime,
603 3979 730 4044 etiarnsi
753 3981 856 4044 661166
880 3998 988 4044 earum
1010 3980 1098 4043 locos
1122 3996 1183 4040 non
1205 3974 1304 4057 respi-

155 4086 247 4164 ceret,
272 4087 381 4149 tamen
411 4084 483 4150 inde
512 4086 633 4151 colores
661 4086 700 4150 ad
729 4087 901 4152 orationem
931 4084 1184 4169 amplificandam
1207 4086 1303 4165 alque

200 4302 219 4370 ¹)
239 4319 271 4357 ex
288 4301 431 4372 We'ymani
456 4317 568 4361 censura
589 4302 710 4357 intellexi
733 4316 776 4357 1116
799 4303 849 4357 hos
872 4302 947 4357 locos
968 4301 1133 4372 neglexisse:
1158 4320 1183 4372 p.
1204 4302 1248 4365 71,
1269 4301 1302 4354 12

156 4390 252 4448 Psalm.
272 4392 350 4447 LXII
370 4392 400 4456 33
420 4408 446 4461 p.
468 4392 527 4460 na,
549 4392 581 4446 18
600 4393 676 4450 Rom.
698 4395 739 4458 ll,
759 4394 807 4459 33;
827 4411 853 4462 p.
875 4394 935 4459 117,
956 4394 988 4446 19
1007 4393 1036 4446 lI
1054 4392 1115 4447 Cor.
1135 4394 1159 4453 6,
1181 4392 1222 4447 14.
1274 4473 1277 4478 Ι

180 4518 269 4561 XXXII.
285 4518 365 4559 Ambr.
380 4528 434 4567 pars
449 4520 468 4569 1,
484 4517 570 4559 1asc.2.
1232 4494 1245 4547 s
