3175 5017
235 439 295 502 XII
382 490 390 499 ,
697 435 915 491 Praefatio.

233 632 471 715 disputauimus
504 632 668 710 faciamus,
703 632 892 713 opusculum
927 631 965 695 10
996 631 1065 695 Noe
1099 632 1278 695 confectum
1310 650 1382 696 esse

234 739 362 804 uidetur
386 759 465 805 0000
486 739 752 817 ccclxxxiiii,
772 739 886 803 deinde
906 757 1058 802 annorum
1077 738 1142 803 iere
1162 739 1257 801 trium
1278 738 1381 820 spatio

233 846 398 912 interiecto
431 846 533 911 secuti
566 849 641 911 sunt
671 846 744 911 libri
778 846 816 910 10
839 845 1009 930 Abraham,
1035 845 1073 909 de
1100 846 1200 923 Isaac,
1232 844 1271 909 dc
1298 844 1381 908 bono

233 954 355 1031 mortis,
381 954 418 1018 de
442 955 548 1032 Iacob,
569 954 607 1017 10
626 954 740 1036 Ioseph
760 952 844 1018 intra
861 952 1023 1016 biennium
1045 951 1098 1016 uel
1117 952 1288 1016 triennium
1308 969 1381 1014 con-

234 1060 356 1142 scripti.
390 1061 507 1142 quibus
539 1059 622 1125 inter
654 1080 688 1125 00
721 1060 900 1125 0001000110
936 1061 1049 1141 postca
1080 1077 1195 1140 corpus
1233 1058 1381 1122 effectum

233 1168 283 1230 001
315 1167 353 1231 10
386 1167 573 1250 patriarchis
604 1167 805 1248 inscriptum,
839 1165 924 1249 quod
960 1166 1023 1230 iam
1057 1165 1238 1231 Cassiodori
1275 1166 1379 1229 001010

232 1292 295 1337 000
318 1277 482 1356 receptum
506 1273 607 1339 fuisse
632 1294 668 1337 ex
691 1275 737 1337 cis
762 1292 843 1356 quac
863 1290 959 1355 supra
977 1272 1181 1354 exposuimus
1205 1271 1378 1354 colligitur.

233 1384 328 1462 atque
352 1381 447 1444 huius
477 1382 561 1445 extat
588 1380 762 1464 uestigium
790 1379 920 1462 aliquod
946 1380 978 1444 in
1008 1379 1183 1457 codicibus,
1206 1378 1238 1441 in
1263 1377 1379 1459 quibus

233 1490 318 1551 certe
341 1486 414 1552 libri
439 1487 476 1551 10
498 1487 589 1551 Isaac
613 1488 650 1552 10
673 1488 755 1553 bono
779 1486 890 1552 mortis
915 1488 953 1552 10
975 1486 1071 1552 Iacob
1094 1485 1282 1569 interposito
1305 1486 1380 1567 post

233 1594 368 1695 alterum
395 1594 504 1659 libello
534 1595 572 1659 de
600 1596 677 1679 fuga
705 1595 825 1659 saeculi
854 1595 1028 1660 consociati
1055 1594 1214 1678 leguntur.
1242 1594 1275 1656 in
1305 1590 1378 1655 aliis

217 1700 282 1764 'luis
314 1701 525 1783 praemissum
557 1700 701 1766 inuenies
733 1702 851 1766 librum
883 1703 1019 1784 priorem
1052 1701 1091 1766 10
1122 1701 1292 1778 Abraham,
1325 1699 1378 1763 ad-

231 1808 357 1873 iunctos
375 1807 501 1873 libellos
522 1808 559 1871 de
579 1809 693 1891 Ioseph
713 1814 745 1873 01
764 1808 802 1873 10
821 1808 1097 1874 benedictionibus
1116 1807 1376 1892 patriarcharum.

773 2108 831 2171 III.

277 2404 338 2471 Sed
361 2404 423 2499 iam
448 2404 486 2468 ad
510 2404 604 2469 aliam
627 2424 693 2469 rem
717 2404 941 2486 expediendam
966 2424 1023 2470 nos
1047 2404 1261 2488 accingamus,
1280 2407 1317 2469 ut
1336 2405 1374 2469 10

229 2511 382 2575 librorum
416 2512 470 2593 001
503 2511 563 2577 100
598 2511 760 2575 uolumine
794 2511 994 2575 continentur
1022 2510 1252 2594 compositione
1280 2512 1374 2577 0110

229 2618 370 2683 fontibus
403 2618 520 2701 quibus
556 2617 744 2684 Ambrosius
782 2638 862 2682 usus
902 2622 952 2683 001
988 2621 1168 2701 exponatur.
1205 2621 1301 2701 01000
1338 2623 1375 2684 01

230 2726 370 2790 ordinem
394 2745 456 2790 usu
480 2729 641 2807 receptum
667 2744 847 2809 sequamur,
873 2726 911 2790 10
936 2744 971 2791 00
997 2745 1099 2809 opere,
1114 2725 1208 2808 ,0001
1235 2726 1373 2809 primum

228 2833 334 2897 locum
367 2832 497 2909 obtinet,
528 2835 599 2896 0010
629 2832 733 2897 omnia
760 2831 1075 2904 arrimaduertcndum
1100 2831 1259 2895 0011110
1282 2832 1373 2898 libris

228 2939 343 3021 quibus
377 2938 556 3015 continetur
588 2939 733 3003 omnibus
769 2940 988 3003 Exameron
1025 2938 1165 3003 iuscribi.
1197 2938 1372 3004 Examcron

227 3045 336 3129 igitur,
369 3064 430 3110 000
464 3048 690 3124 Ηο000000000,
725 3047 752 3111 si
785 3046 861 3129 0011
894 3046 984 3111 libris
1016 3045 1221 3110 tribuendum
1253 3050 1312 3126 cst,
1339 3046 1373 3111 id

226 3154 392 3217 uocauisse
434 3154 562 3217 uidetur
600 3154 800 3232 Ambrosius
843 3173 1035 3236 quamquam
1075 3152 1232 3217 Basiliam
1273 3152 1373 3219 forma

217 3255 413 3343 ,Ἓξαήμερον
441 3280 537 3323 usum
567 3280 636 3325 csse
665 3280 701 3325 00
729 3280 809 3344 0000
837 3261 869 3325 10
898 3260 1062 3326 codicibus
1085 3259 1188 3323 ueluti
1210 3259 1371 3325 Parisiaco

221 3384 273 3447 gr.
291 3366 387 3444 1753,
402 3386 496 3448 quem
511 3367 579 3451 ipse
595 3366 726 3444 contuli,
741 3368 916 3450 praemissa
931 3369 1004 3431 sunt
1020 3369 1193 3431 testantur:
1209 3360 1371 3429 Βααλείου

226 3467 459 3556 ἀρχιεπισαόπου
501 3470 689 3557 Καισαρείας
730 3470 955 3545 Καππαδοκίας
999 3471 1043 3543 εὶς
1088 3472 1141 3557 τὴν
1181 3469 1371 3556 Ἓξαήμερον

226 3573 328 3661 ὁμιλία
351 3582 389 3641 α’.
403 3578 439 3663 ¹).
463 3580 619 3646 Basilium
641 3600 674 3645 00
697 3580 858 3646 imitatum
887 3601 956 3647 esse
978 3582 1010 3645 in
1034 3582 1094 3645 hoo
1118 3600 1211 3663 opera
1235 3577 1371 3644 conscri-

223 3683 326 3757 bendo
344 3686 432 3751 nullo
456 3688 526 3752 loco
546 3687 625 3752 dixit
642 3687 832 3753 Ambrosius
851 3707 952 3772 00000
972 3689 1040 3754 0100
1059 3688 1158 3753 ullam
1176 3686 1369 3752 mentionem

224 3910 416 3981 expediendam
443 3916 507 3967 sunt
532 3931 563 3967 ea
589 3931 657 3983 quac
681 3913 713 3969 de
737 3914 874 3969 Abrabam
897 3915 959 3978 527,
984 3914 1017 3968 15
1041 3914 1151 3976 01564,
1176 3914 1211 3968 14
1231 3912 1369 3982 leguntur,

224 4000 321 4067 quibus
349 4000 384 4054 01
410 4001 472 4055 libri
502 4003 612 4057 alterius
641 4003 673 4057 10
702 4021 811 4059 excessu
838 4003 930 4058 fratris
958 4006 1023 4057 sect.
1052 4004 1087 4057 96
1117 4001 1246 4072 (decessit
1277 4004 1368 4055 autem

222 4089 269 4142 ille
298 4106 321 4142 a.
352 4088 581 4156 CCCLXXVIIII,
610 4092 642 4147 01.
670 4093 730 4146 Ihm
757 4110 784 4163 p.
812 4093 858 4179 31)
886 4096 914 4147 01
940 4092 1004 4146 libri
1032 4092 1065 4146 de
1090 4091 1216 4163 paradiso
1242 4094 1307 4145 sect.
1335 4090 1366 4145 11

222 4194 354 4232 rercrmur.
611 4218 614 4224 .

270 4269 288 4335 ¹)
305 4269 384 4337 epist.
397 4270 442 4333 43,
459 4272 471 4324 1
492 4270 519 4323 10
540 4270 677 4325 0011011000
696 4271 797 4341 legitur
814 4266 1018 4333 ΕΞΑΗΜΕΡω,
1033 4271 1113 4340 epist.
1127 4272 1171 4334 45,
1187 4270 1202 4323 1
1218 4270 1366 4353 ‘Examero'

222 4360 251 4411 et
269 4357 444 4412 ‘Exameron'.
835 4392 838 4397 ·
1131 4388 1134 4393 -
1268 4387 1271 4391 Δ
