3175 5017
603 425 823 481 Praefatio.
1243 430 1284 493 LI

177 620 316 684 Maurini
344 621 376 683 in
405 620 542 685 editione
572 620 752 685 adornanda
779 621 831 684 usi
859 624 935 685 sunt
962 620 1052 684 libris
1078 619 1143 699 GP,
1169 621 1284 687 Camu-

134 727 227 808 11111,
239 746 334 808 quem
350 728 395 791 eis
411 746 490 810 quae
504 748 535 810 p.
546 728 681 791 XXXVI
696 727 766 791 adn.
783 729 803 789 2
819 746 854 791 er
868 727 923 791 illo
942 727 1116 791 adtulimus
1130 729 1284 811 respectis

135 837 204 897 ante
230 853 329 899 annos
353 833 460 899 DCCC
483 834 599 899 litteris
623 834 869 917 Langobardicis
893 834 1047 917 scriptum
1072 854 1142 898 esse
1166 836 1285 919 opinati

136 944 219 1018 sunt,
253 942 450 1025 Benigniano
482 942 655 1025 (Parisiaco
687 942 820 1022 116211,
850 941 984 1021 denique
1015 941 1167 1005 tredecim
1201 942 1285 1006 codi-

135 1048 235 1124 cibus,
260 1068 395 1131 quorum
419 1048 527 1113 nullus
553 1050 637 1113 certe
662 1049 789 1113 saeculo
813 1048 982 1113 undecimo
1007 1048 1166 1130 antiquior
1190 1048 1285 1133 est‚¹)

134 1156 277 1237 plerique
299 1155 454 1219 Maurinis
478 1155 558 1238 ipsis
582 1155 775 1219 testantibus
800 1155 1001 1219 recentiores.
1035 1174 1131 1237 qnam
1154 1156 1193 1219 ob
1217 1176 1283 1221 rem

134 1282 192 1325 non
218 1266 270 1327 est
294 1261 379 1344 quod
403 1263 582 1327 accuratius
606 1263 637 1326 iu
659 1282 713 1327 eos
733 1262 941 1344 inquiramus.
965 1282 1068 1343 neque
1086 1265 1124 1325 ut
1142 1261 1180 1325 de
1200 1263 1284 1327 codi-

134 1506 251 1559 stionum
277 1523 359 1575 super
382 1506 481 1560 librum
508 1505 622 1561 Genesis
648 1524 679 1561 ex
709 1506 789 1561 dictis
819 1510 973 1560 sanctorum
1000 1508 1107 1576 patrum
1135 1505 1283 1575 Augustini

135 1593 258 1663 Gregorii
281 1594 432 1649 Hieronimi
455 1594 591 1649 Ambrosii
614 1595 714 1649 Hilarii
732 1595 855 1648 Hisidori
872 1594 1001 1649 Eucherii
1026 1598 1055 1647 et
1072 1594 1173 1647 Iunilii'
1192 1594 1282 1647 medio

134 1700 198 1736 aeuo
218 1683 248 1736 in
269 1684 368 1739 sobolis
388 1683 578 1739 adhibebatur.
598 1683 631 1737 de
651 1700 704 1753 qno
722 1684 774 1737 hoo
793 1684 853 1737 loco
867 1701 955 1754 pauca
967 1682 1093 1745 adiciam,
1111 1684 1228 1753 primum
1246 1701 1280 1737 ne

135 1773 192 1841 quis
211 1790 256 1825 me
276 1773 305 1825 in
324 1772 452 1827 subsidiis
472 1772 631 1842 colligendis
651 1773 709 1825 eius
727 1772 809 1841 plane
827 1773 1010 1826 immemorem
1029 1771 1112 1825 fuisse
1127 1772 1282 1832 arbitretur,

132 1865 188 1913 tum
209 1862 364 1931 quisquae
383 1862 414 1915 R.
434 1862 532 1931 Peiper
550 1863 578 1914 in
596 1862 695 1915 Alcimi
714 1862 790 1914 Auiti
809 1864 838 1914 et
857 1862 984 1930 Cypriani
1007 1860 1172 1914 editionibus
1190 1879 1216 1931 p.
1236 1860 1283 1913 LV

133 1967 188 2019 sqq.
210 1954 239 2004 et
258 1970 284 2021 p.
305 1951 333 2004 II
352 1968 410 2021 sqq.
431 1950 464 2005 de
484 1968 515 2005 eo
540 1951 665 2021 exposuit
688 1967 741 2004 non
767 1950 839 2002 omni
859 1953 985 2019 exparte
1004 1949 1128 2003 sufficere
1147 1950 1281 2003 uidentur.

133 2040 232 2093 etenim
259 2057 329 2109 quae
352 2040 474 2093 Mart'ene
499 2043 527 2095 11
549 2038 661 2094 Durand
684 2040 712 2092 in
736 2039 839 2093 Anecd.
865 2039 925 2095 coll.
952 2037 1032 2108 ampl.
1052 2038 1134 2092 VIIII
1152 2040 1204 2093 295
1223 2055 1282 2107 sqq.

132 2128 305 2199 (LXXXXVI
324 2130 392 2183 1105
411 2129 465 2196 M.)
490 2128 635 2183 ediderunt
657 2128 748 2197 capita
771 2130 877 2181 tautum
897 2131 961 2180 sunt
979 2128 1067 2196 operis
1085 2128 1194 2181 Baedae
1212 2128 1282 2181 falso

132 2216 263 2285 adscripti
287 2220 369 2285 atque
393 2216 445 2269 hac
468 2217 659 2287 inscriptione:
680 2215 886 2281 ‘Quaestionum
905 2232 985 2284 super
1005 2214 1131 2269 Genesim
1151 2233 1182 2269 ex
1201 2215 1282 2269 dictis

131 2308 237 2373 patrum
267 2305 400 2374 dialogus'
432 2306 549 2375 praefixa
576 2306 647 2358 inter
676 2305 734 2359 eius
768 2321 850 2373 opera
878 2303 962 2358 dubia
995 2308 1023 2357 et
1055 2305 1147 2373 spuria
1179 2304 1281 2373 recepti

133 2394 309 2459 (LXXXXIII
323 2394 448 2447 2331111.
463 2412 524 2464 pars
540 2394 597 2447 eius
613 2394 702 2463 operis
716 2394 874 2463 prohoemio
890 2394 988 2446 omisso
1004 2392 1077 2459 (inde
1093 2393 1282 2447 aLXXXXIII

132 2484 181 2536 242
197 2482 218 2537 C
233 2507 270 2528 =
284 2482 446 2536 LXXXXVI
461 2483 529 2535 1114
543 2481 580 2548 D)
595 2482 623 2534 in
643 2481 737 2534 eodem
756 2481 865 2534 Baedae
884 2485 959 2536 tomo
977 2481 1080 2550 legitur
1097 2481 1148 2535 hac
1167 2482 1281 2551 inscrip-

131 2574 204 2625 tione
229 2572 353 2625 adiecta:
381 2570 499 2625 ‘Baedae
523 2571 555 2624 de
579 2571 617 2624 Vl
641 2570 745 2623 dierum
775 2571 910 2623 creatione
935 2569 1005 2623 liber
1032 2570 1227 2623 sententiarum
1250 2587 1282 2623 er

132 2659 254 2729 patribus
275 2661 456 2713 collectarum'
476 2662 512 2731 (p.
528 2660 592 2726 207)
612 2663 694 2728 atque
714 2658 782 2713 haec
800 2660 940 2712 inuenitur
956 2659 985 2711 in
1004 2658 1096 2713 codice
1111 2659 1279 2712 Bruxellensi

131 2749 249 2819 8654172
270 2750 377 2803 saecX
397 2766 413 2801 a
430 2765 472 2802 me
491 2749 777 2817 1111111111-147,
797 2747 844 2801 ubi
862 2748 907 2801 1111
925 2748 1022 2801 1111111
1042 2749 1205 2816 praemissus
1226 2753 1279 2802 est:

132 2837 240 2907 ‘incipit
254 2837 409 2907 explanatio
423 2854 474 2891 sex
493 2838 596 2891 dierum
616 2838 643 2890 in
664 2836 761 2906 quibus
776 2838 880 2891 creauit
894 2837 960 2890 deus
975 2838 1077 2890 caelum
1094 2839 1122 2889 11
1135 2840 1234 2890 terram
1251 2854 1281 2891 ex

132 2924 210 2978 dictis
224 2925 362 2978 Ambrosii
382 2928 410 2977 et
427 2924 571 2995 Agustini'.
591 2925 626 2978 ad
645 2924 716 2977 idem
732 2942 799 2994 opus
817 2926 1003 2995 pertinentes
1018 2942 1086 2994 quae
1101 2927 1128 2977 in
1143 2926 1207 2978 libri
1224 2930 1278 2979 Au-

133 3014 233 3081 giensis
245 3012 346 3076 CCLV‚
355 3030 427 3067 nunc
437 3014 652 3089 Caroliruhensis
667 3030 736 3068 saec.
747 3014 837 3077 VIIII,
849 3031 865 3067 a
875 3031 916 3068 me
931 3015 1078 3070 examinati
1087 3014 1114 3067 ff.
1127 3015 1280 3068 rore-116

132 3104 268 3172 leguntur,
287 3102 316 3155 in
335 3119 388 3171 quo
406 3102 473 3157 haec
490 3104 632 3173 inscriptio
653 3106 738 3163 extat:
760 3102 907 3173 ‘Incipiunt
925 3103 1047 3172 capitula
1064 3102 1128 3155 libri
1145 3101 1226 3155 huius
1247 3102 1279 3156 de

134 3190 211 3244 dictis
236 3179 276 3245 sci
294 3190 442 3261 Augustini
461 3192 611 3245 Hieronimi
636 3195 663 3244 et
681 3189 836 3254 Ambrosii,
861 3208 942 3261 qnam
966 3192 1089 3260 sequitur
1113 3191 1279 3259 epigramma

134 3280 240 3334 Taionis
267 3280 374 3347 (LXXX
400 3281 449 3335 731
476 3280 539 3350 M).
566 3280 613 3335 sed
637 3280 665 3333 iu
691 3282 807 3349 utroque
834 3280 926 3333 codice
951 3283 1090 3349 tamquam
1116 3280 1187 3332 alter
1211 3279 1281 3333 liber

134 3371 305 3437 quaestiones
329 3369 362 3421 de
385 3386 456 3424 nono
481 3368 656 3423 Testamenta
681 3368 806 3423 adiectae
830 3372 902 3430 sunt,
926 3369 959 3422 de
984 3385 1095 3437 quarum
1124 3369 1228 3435 origine
1252 3372 1281 3421 et

134 3461 240 3512 auctore
261 3458 406 3528 quicquam
424 3458 554 3527 indagare
573 3458 641 3512 mibi
660 3475 712 3511 non
732 3458 858 3527 contigit.
877 3458 1052 3511 memorabile
1072 3474 1136 3510 sane
1151 3457 1279 3510 1111111-

133 3545 194 3599 bodi
221 3563 292 3616 quae
317 3546 441 3599 feruntur
467 3548 639 3615 quaestiones
666 3550 694 3600 et
717 3546 826 3599 Baedae
853 3548 900 3615 qui
923 3551 1037 3600 uocatur
1059 3546 1091 3599 de
1116 3546 1155 3600 VI
1177 3546 1280 3599 dierum

133 3636 265 3689 creatione
284 3636 383 3689 librum
404 3636 497 3689 eodem
518 3635 573 3689 iere
592 3636 652 3689 loco
673 3634 804 3690 desinere.
824 3635 974 3689 nixantem
993 3652 1061 3705 opus
1081 3637 1123 3688 est
1141 3637 1172 3687 11
1191 3634 1277 3687 dicam

132 3727 273 3794 utrumque
293 3741 361 3795 opus
380 3741 488 3794 prorsus
509 3725 626 3779 alienum
646 3741 704 3777 esse
724 3741 740 3777 a
759 3724 882 3794 genuinis
902 3724 1009 3778 Baedae
1030 3724 1076 3793 qni
1099 3724 1134 3777 ad
1153 3722 1280 3777 Genesim

133 3816 254 3882 spectant
272 3813 446 3885 trae-tatibus.
460 3814 646 3867 Heraemeron
661 3814 720 3867 dico
741 3813 902 3881 (LXXXXlI
916 3815 932 3867 9
946 3813 1001 3880 M.)
1018 3818 1046 3867 et
1058 3812 1278 3866 commentarium

133 3902 157 3954 in
174 3902 392 3955 Pentateucbum
411 3902 447 3972 (p.
469 3902 540 3968 189).
559 3902 627 3956 haec
645 3903 731 3973 igitur
745 3902 893 3966 sufficiaut;
914 3920 977 3956 nam
993 3919 1051 3955 cnm
1064 3902 1169 3954 nullum
1184 3918 1214 3954 111
1229 3901 1279 3955 hac

133 4008 157 4043 re
176 3990 209 4043 ad
228 3990 369 4045 Ambrosii
391 3990 474 4044 libros
499 3991 676 4045 recensendos
700 3991 817 4045 fructum
839 3991 989 4044 redundare
1012 3991 1214 4052 intellexissem,
1235 4006 1278 4043 ac·

135 4082 251 4133 curatius
270 4080 299 4133 in
321 4096 381 4133 eam
399 4080 534 4149 inquirere
553 4096 606 4133 non
621 4097 711 4135 meum
724 4097 782 4133 esse
797 4083 871 4133 ratus
885 4081 910 4132 in
925 4080 969 4132 bis
984 4096 1053 4148 quae
1069 4079 1126 4157 erui
1141 4078 1277 4147 adquieui.

173 4168 191 4238 ¹)
220 4168 319 4239 quodsi
348 4168 467 4221 Maurini
494 4169 694 4238 Benignianum
724 4168 758 4221 ad
787 4168 924 4222 saeculum
951 4169 989 4221 XI
1017 4167 1187 4221 referendum
1215 4169 1278 4219 ante

132 4274 209 4311 annos
228 4256 326 4313 DCCC
347 4261 485 4310 exaratum
504 4274 562 4310 esse
583 4257 687 4321 dicunt,
700 4257 889 4325 Remigianum
910 4259 938 4310 et
957 4256 1195 4317 Cenomanensem,
1211 4271 1279 4322 qnos

99 4390 101 4395 ,
130 4346 244 4401 eiusdem
264 4348 367 4400 aetatis
388 4362 447 4399 esse
466 4346 566 4410 dicunt,
587 4345 675 4400 eidem
695 4347 803 4399 saeculo
823 4345 1014 4399 adscribendos
1035 4362 1093 4398 esse
1111 4348 1196 4415 patet.

1210 4448 1242 4501 d*
