3175 5017
272 448 336 509 530
743 444 942 497 Ambrosii

216 634 258 697 36
313 640 384 703 Non
409 640 477 704 sola
499 642 604 703 tamen
633 640 769 704 facilitas
799 638 1022 722 susceptionis,
1051 640 1107 703 sed
1135 641 1232 704 etiam
1261 639 1415 703 sedulitas

269 746 472 829 suscipientis
515 750 546 811 ot
583 748 726 811 adfectus
764 748 938 829 quaeritur.
979 751 1150 828 utrumque
1186 751 1219 810 te
1256 746 1415 809 Abraham

270 853 390 938 doceat.
424 856 565 919 cucurrit
592 856 730 933 obuiam,
760 856 888 940 rogauit
913 856 999 938 prior
1022 856 1144 920 dicens:
1179 854 1347 930 domine,
1381 854 1414 917 si

268 961 407 1025 inueni
448 963 619 1045 gratiam
656 967 745 1027 ante
781 966 833 1042 to,
869 983 914 1027 ne
947 964 1218 1045 praeterieris
1252 981 1413 1026 seruum
1480 974 1502 1026 Β

268 1071 392 1135 tuum.
427 1071 611 1133 sumatur
643 1088 743 1151 aqua
777 1074 817 1135 et
847 1071 1041 1135 lauentur
1068 1070 1191 1153 pedes
1215 1071 1348 1135 uestri
1377 1071 1415 1133 et
1445 1093 1457 1132 5

268 1176 518 1259 refrigerate
539 1177 610 1240 sub
632 1178 784 1242 arbore.
806 1181 844 1242 et
864 1197 1013 1242 sumam
1033 1197 1181 1261 panem,
1202 1181 1240 1241 et
1258 1176 1415 1240 mandu-

270 1286 359 1345 cate
380 1285 418 1345 et
437 1287 581 1363 postea
604 1285 824 1349 transietis
849 1287 1014 1367 propter
1037 1284 1140 1367 quod
1164 1283 1414 1349 declinastis

270 1388 314 1451 ad
339 1408 498 1453 seruum
523 1393 716 1455 uestrum.
750 1394 814 1455 tres
838 1392 921 1457 uidit
945 1395 978 1455 et
1000 1412 1099 1455 unum
1123 1392 1284 1457 dominum
1309 1390 1416 1473 adpel-

268 1496 358 1573 lauit,
391 1495 493 1577 ipsius
523 1498 622 1562 solius
652 1518 685 1562 se
714 1518 842 1563 seruum
871 1500 999 1566 fatetur.
1033 1499 1146 1564 deinde
1175 1517 1347 1563 conuersus
1376 1496 1414 1560 ad

269 1602 348 1666 duos
383 1623 463 1685 quos
496 1604 658 1669 ministros
692 1606 905 1670 arbitrabatur
936 1607 1031 1670 etiam
1060 1606 1138 1687 ipsis
1160 1589 1287 1669 ‘deferre
1316 1604 1415 1687 gestit
1434 1632 1460 1669 10

269 1710 458 1792 obsequium
493 1711 557 1775 iam
595 1732 654 1775 non
692 1712 759 1776 iure
798 1713 904 1777 debito
942 1714 1107 1777 seruitutis
1141 1713 1325 1789 obstrictus,
1359 1710 1414 1774 sed

216 1809 256 1871 37
267 1815 383 1881 blando
408 1817 589 1882 sedulitatis
612 1819 738 1883 nomine
762 1839 888 1901 usuque
911 1821 1095 1883 famulatus.
1129 1823 1167 1883 et
1190 1819 1206 1882 f
1212 1819 1416 1882 estiuauit
1485 1830 1505 1883 Ο

268 1923 465 1988 Abraham
489 1925 526 1988 in
551 1926 861 1990 tabernaculum
888 1926 932 1990 ad
964 1926 1119 1991 Sarram
1153 1929 1193 1990 et
1224 1926 1329 1989 dixit
1362 1925 1413 1989 ei:

267 2031 427 2095 festina
460 2036 498 2096 et
534 2051 758 2116 consperge
791 2037 876 2098 tres
908 2052 1119 2098 mensuras
1159 2032 1414 2115 similaginis

268 2140 306 2203 et
347 2140 409 2203 fac
451 2139 739 2203 subcinericia.
782 2140 886 2205 bonus
922 2141 1056 2205 maritus
1096 2144 1235 2204 exortem
1271 2139 1415 2223 religiosi
1434 2166 1460 2203 15

268 2246 406 2311 muneris
430 2265 500 2310 esse
524 2266 585 2310 non
609 2247 729 2329 patitur
752 2266 881 2312 uxorem
903 2267 961 2311 nec
980 2266 1073 2311 auare
1093 2247 1155 2311 sibi
1173 2250 1278 2319 totum
1296 2266 1414 2311 munus

267 2356 410 2435 usurpat.
434 2355 519 2418 recte
542 2353 643 2435 igitur
666 2355 698 2417 et
716 2354 845 2436 pietatis
865 2357 897 2417 et
916 2355 1123 2419 uerecundiae
1143 2374 1239 2418 causa
1257 2357 1414 2418 seruatur.

269 2461 352 2543 quod
380 2460 509 2541 pietatis
534 2464 583 2523 est
606 2460 678 2524 uult
702 2480 772 2524 esse
798 2480 976 2535 commune,
1001 2460 1086 2543 quod
1108 2461 1238 2543 pudoris
1262 2463 1313 2524 est
1334 2461 1414 2523 inte-

269 2586 360 2651 grum
383 2571 489 2631 manet
512 2566 632 2631 Sarrae.
657 2570 728 2631 ante
751 2568 990 2632 tabernaculum
1015 2568 1064 2632 uir
1086 2568 1250 2649 hospitum
1275 2567 1416 2649 explorat

268 2674 434 2751 aduentus,
466 2674 549 2738 intra
575 2674 815 2739 tabernaculum
846 2674 937 2739 Sarra
963 2678 1072 2739 tuetur
1099 2675 1234 2738 feminae
1262 2693 1415 2738 uerecun-
1434 2702 1460 2739 20

269 2780 351 2843 diam
380 2785 413 2845 et
441 2800 535 2863 opera
562 2781 730 2845 muliebria
757 2784 827 2846 tuto
857 2785 981 2846 exercet
1007 2782 1137 2863 pudore.
1169 2782 1247 2846 foris
1277 2781 1412 2844 maritus
1479 2793 1503 2844 Ι)

266 2888 392 2965 inuitat,
410 2887 497 2951 intus
518 2886 610 2953 Sarra
629 2888 759 2951 adornat
778 2888 972 2951 conuiuium.
993 2907 1050 2952 nec
1069 2890 1174 2952 solum
1193 2889 1261 2971 ipse
1281 2888 1414 2952 festinat

266 2993 434 3072 Abraham,
455 2995 511 3059 sed
530 2995 623 3058 etiam
644 2995 858 3059 festinandum
878 2996 956 3060 dicit
974 2996 1072 3076 uxori,
1093 2997 1211 3060 sociam
1232 2995 1411 3059 deuotionis

267 3102 434 3166 ostendens
459 3122 516 3166 nec
540 3103 600 3167 lide
625 3103 792 3185 disparem.

356 3276 372 3328 3
393 3275 458 3329 Gen.
480 3276 520 3340 18,
540 3278 610 3331 3-5
694 3278 726 3329 12
747 3276 813 3331 Gon.
836 3278 876 3341 18,
897 3281 912 3333 6
991 3279 1265 3334 1410n.nur.115
1286 3281 1326 3346 (et
1345 3277 1415 3330 dixit

268 3363 361 3419 Sarae:
381 3365 498 3418 festina.
511 3408 516 3420 .
530 3408 534 3419 .
547 3365 692 3434 disparem)

303 3480 319 3531 2
340 3480 478 3548 quaeritur
497 3484 525 3533 et
544 3480 656 3534 affectus
676 3481 849 3549 suscipientis
868 3481 895 3533 B
988 3484 1028 3552 te]
1050 3487 1112 3552 apte
1133 3503 1144 3535 ε
1235 3484 1251 3537 3
1271 3484 1351 3537 docet
1370 3482 1414 3535 al

267 3570 400 3622 6sumite
419 3569 504 3624 NRB
572 3570 684 3624 8uidet
702 3570 756 3624 DX
830 3574 858 3624 et
876 3588 926 3624 om.
946 3572 981 3634 E,
1001 3590 1021 3626 s.
1041 3589 1068 3625 a.
1088 3574 1130 3629 21⁴¹
1208 3562 1272 3627 dim
1285 3573 1419 3627 PeBOM

267 3659 311 3712 dm
330 3665 377 3711 cet.
452 3659 571 3727 appellat
590 3660 627 3712 ex
683 3661 713 3713 ll
735 3659 843 3713 debitae
867 3661 892 3712 T
962 3660 1107 3714 obstrictus
1126 3661 1241 3714 PDUM
1259 3661 1414 3714 obstraetus

270 3748 294 3799 Τ
312 3748 473 3801 obstructus·
490 3749 521 3801 T*
541 3750 688 3802 adstrictus
708 3750 741 3805 il‘
761 3751 888 3802 astrictus
907 3755 955 3802 cet.
1038 3750 1071 3802 12
1092 3766 1176 3818 usque
1195 3750 1251 3803 ΡΤ
1267 3766 1315 3802 usn
1335 3750 1365 3802 D
1385 3753 1414 3819 (u

265 3838 382 3903 farao)
403 3841 484 3905 atquc
503 3836 540 3889 M
611 3838 643 3890 13
664 3836 696 3889 ad
715 3837 921 3891 tabernaculum
940 3838 1024 3892 NRB
1094 3839 1126 3891 14
1144 3845 1213 3906 etp.
1236 3842 1298 3905 531,
1316 3843 1332 3890 1
1351 3855 1414 3892 con·

266 3942 363 3995 sparge
382 3944 394 3976 ε
469 3927 501 3979 16
521 3942 579 3978 esse
598 3942 648 3979 om.
664 3926 729 3987 NR,
744 3932 810 3993 post
827 3927 932 3996 patitur
950 3928 1108 3995 fractopom't
1121 3928 1157 3990 E,
1176 3928 1294 3979 muueris
1313 3944 1372 3981 esse
1386 3928 1415 3979 B

266 4014 300 4081 (is
321 4032 378 4067 esse
398 4016 429 4067 aba
447 4019 516 4079 rus.)
589 4018 677 4067 totum
698 4015 749 4068 sibi
768 4015 826 4070 Na
899 4017 932 4069 19
951 4032 1040 4069 sarrae
1058 4014 1120 4072 aaa
1139 4032 1215 4069 sarae
1233 4015 1337 4073 Num
1353 4034 1415 4069 sara

270 4105 321 4156 ΤΒ
340 4122 413 4157 sarra
435 4104 467 4157 T‘
487 4109 510 4169 (r
526 4120 569 4172 pr.
590 4106 659 4172 cap.)
680 4110 726 4158 cet.
814 4108 878 4158 ante
900 4106 949 4158 ΤΧ
967 4106 1040 4158 intra
1059 4112 1118 4168 cet.;
1138 4112 1256 4173 utroque
1273 4106 1415 4173 sciptura

266 4194 338 4247 areale
357 4194 476 4259 confusa
493 4194 524 4245 r'a
544 4193 579 4255 D,
599 4194 630 4245 a'rr
648 4209 701 4261 qao
721 4194 820 4261 lepitur
837 4194 973 4263 integrum
993 4198 1056 4247 ante
1075 4194 1280 4246 tabernaculum
1300 4194 1342 4246 nir
1364 4194 1414 4255 bo-

267 4283 368 4351 spitpru
387 4285 480 4335 manet
499 4299 572 4334 sarra
590 4282 662 4335 intra
680 4283 884 4336 tabernaculum
902 4284 944 4336 uir
961 4284 1100 4353 hospitum
1119 4284 1242 4351 explorat
1300 4284 1332 4335 21
1354 4284 1414 4335 toto

267 4371 384 4425 PDCM
437 4372 471 4423 22
491 4372 643 4425 conuiuium
664 4372 778 4426 adornat
796 4372 870 4430 aba*
939 4373 1088 4426 festinabat
1106 4372 1190 4427 NRB
