3175 5017
268 427 356 491 XXX
728 425 949 481 Praelatio.
1065 385 1068 389 ι

268 622 384 701 nimus,
417 620 592 704 expositam
624 619 733 685 hahes.
773 618 886 683 111111
919 639 1130 687 commemoro
1163 622 1223 686 hoo
1260 624 1416 703 opusculo

269 747 329 792 non
353 730 417 791 tam
442 726 638 810 patriarchae
661 726 828 791 historiam
855 728 989 792 enarrari
1010 766 1055 775 —
1078 748 1151 792 nam
1175 748 1212 793 oa
1234 728 1269 793 11
1291 730 1417 795 exordio

269 836 392 900 tantum
430 853 466 898 ac
503 837 616 917 postea
651 834 764 918 paucis
800 835 881 900 locis
914 836 1056 919 tangitur
1086 873 1131 883 —
1162 856 1257 918 qnam
1295 836 1418 903 Cantici

267 940 559 1025 interpretationem
590 940 732 1022 proponi.
771 944 865 1023 atquo
899 942 944 1006 eis
972 942 1063 1020 locis,
1092 943 1208 1024 quihus
1240 943 1418 1008 secundum

271 1047 419 1113 Genesim
453 1046 522 1111 uita
555 1049 587 1111 et
618 1066 669 1111 res
702 1050 812 1129 gestae
844 1049 934 1113 Isaac
967 1049 1171 1131 explicantur,
1201 1050 1417 1131 compluribus

269 1154 359 1231 locis,
380 1172 460 1237 qnos
484 1153 562 1217 inira
583 1154 738 1237 congessi,
750 1153 776 1235 ¹)
795 1154 939 1219 Philonis
962 1155 1061 1220 libros
1085 1156 1117 1219 in
1140 1176 1206 1220 rom
1230 1176 1322 1221 suam
1346 1175 1419 1221 oon-

271 1261 377 1325 uertit.
401 1260 500 1342 quod
528 1263 634 1324 autem
664 1260 703 1325 ad
728 1259 851 1326 Cantici
874 1262 1166 1343 interpretationem
1190 1263 1319 1342 adtinet,
1343 1266 1419 1328 nota

271 1388 307 1433 ao
338 1370 530 1452 peruulgata
561 1386 611 1431 res
641 1370 690 1432 est
711 1367 917 1432 Ambrosium
944 1369 1004 1433 hoc
1033 1387 1157 1433 carmen
1182 1369 1418 1435 studiosissime

269 1474 480 1552 leot'tauisse,
505 1475 536 1538 in
567 1474 713 1539 omnibus
742 1475 807 1539 iere
837 1493 916 1558 qnos
945 1475 1133 1557 conscripsit
1159 1476 1250 1541 libris
1274 1476 1418 1561 singulos

272 1602 308 1647 ex
340 1602 376 1647 eo
409 1583 498 1647 locos
532 1581 698 1660 adtulisse,
732 1582 867 1665 denique
899 1601 1136 1664 nonnumquam
1170 1583 1198 1647 11
1229 1583 1418 1648 illustrando

271 1690 464 1773 peculiarem
493 1709 619 1772 operam
646 1688 850 1772 impendisse.
888 1708 950 1772 qua
978 1689 1017 1754 do
1039 1710 1072 1754 ra
1096 1689 1174 1755 satis
1198 1691 1258 1755 erit
1278 1691 1419 1755 lecturos

272 1797 312 1861 ad
344 1796 572 1878 expositionem
604 1796 720 1879 psalmi
753 1795 887 1861 CXVIII
919 1799 951 1860 et
983 1796 1100 1860 librum
1133 1797 1171 1860 11
1204 1798 1419 1861 consolatione

272 1902 486 1969 Ualentiuiani
510 1904 665 1986 delegare.
689 1922 791 1984 neque
817 1922 986 1985 quemnam
1009 1903 1041 1967 in
1065 1923 1102 1967 ea
1119 1923 1152 1967 re
1171 1902 1420 1967 administranda

272 2014 434 2093 tamquam
460 2010 571 2074 ducem
596 2013 725 2075 secutus
750 2010 794 2074 sit
816 2010 1009 2093 ignoramus.
1040 2009 1157 2073 etenim
1182 2009 1328 2094 Origenis
1352 2009 1420 2074 sine

274 2116 370 2181 dubio
393 2115 539 2200 uestigiis
563 2116 725 2200 ingressus
751 2119 810 2192 est,
835 2116 927 2181 ouius
952 2116 1167 2199 amplissimos
1196 2116 1229 2179 in
1253 2115 1421 2183 Canticum

274 2222 517 2289 commentarios
549 2222 762 2305 Hieronymus
795 2223 827 2287 11
860 2223 999 2305 epistula
1030 2223 1070 2287 ad
1101 2224 1275 2287 Damasum
1305 2241 1420 2305 papam

274 2330 285 2413 1
289 2330 372 2395 Patr.
402 2328 456 2395 Gr.
480 2329 558 2393 XIII
581 2330 624 2392 35
643 2328 709 2413 M.)
738 2330 836 2394 tantis
868 2330 1018 2395 laudibus
1051 2330 1233 2396 celebrauit.
1270 2328 1304 2392 id
1336 2327 1422 2411 quod

269 2437 332 2499 iam
362 2455 397 2500 ex
426 2454 462 2500 eo
492 2436 663 2519 suspiceris
693 2437 777 2519 quod
807 2437 1012 2501 Ambrosium
1043 2438 1075 2501 in
1109 2436 1304 2519 expositione
1336 2435 1420 2517 psal-

270 2544 315 2607 mi
348 2542 481 2609 CXVIII
514 2540 659 2624 Origenis
694 2541 939 2607 commentarios
971 2543 1004 2605 in
1038 2543 1121 2606 huno
1153 2542 1314 2625 psalmum
1350 2541 1424 2613 1111-Δ

272 2652 382 2733 genter
417 2649 593 2733 respexisse
632 2651 833 2731 compertum
868 2648 1067 2734 habemns.²)
1105 2648 1182 2731 quid
1217 2648 1317 2731 igItur
1352 2648 1420 2711 ueri

274 2756 410 2820 similius
436 2776 530 2839 quam
554 2755 586 2819 in
609 2755 675 2819 illis
696 2754 903 2837 expositionis
922 2755 1076 2836 partibus,
1097 2774 1177 2837 quae
1196 2754 1234 2817 ad
1255 2754 1422 2819 Canticum

271 2863 542 2944 interpretandum
565 2862 734 2945 pertiuent,
759 2860 906 2945 Origenis
929 2861 961 2924 11
989 2861 1049 2925 hoo
1078 2880 1202 2925 carmen
1230 2864 1421 2926 commenta·

271 2970 335 3034 rios
365 2990 438 3034 eum
466 2971 613 3035 secutum
642 2972 732 3033 esse?
761 2966 842 3032 adde
867 2967 951 3049 quod
975 2968 1154 3032 etiamnunc
1175 3004 1221 3013 —
1242 2987 1314 3031 nam
1339 2986 1420 3049 opus

272 3077 378 3158 ipsum
403 3075 549 3160 Origenis
574 3075 613 3139 ad
636 3078 776 3140 nostram
801 3074 985 3138 memoriam
1010 3094 1070 3139 non
1094 3074 1299 3155 peruenit-
1316 3074 1349 3137 in
1374 3074 1420 3138 eis

273 3202 354 3264 quae
386 3182 519 3247 Rufinus
551 3182 649 3247 latine
686 3181 835 3259 reddidit,
847 3179 874 3263 8)
910 3181 942 3245 in
978 3180 1135 3262 excerptis
1167 3179 1419 3265 Procopianis,4)

273 3288 406 3371 donique
429 3290 461 3352 in
485 3289 609 3353 duabus
629 3287 774 3372 Origenis
798 3288 830 3352 in
851 3287 1017 3353 Canticum
1041 3286 1192 3364 homiliis,
1213 3305 1291 3369 quas
1310 3286 1423 3351 Hiero·

273 3416 397 3479 uymus,
425 3395 480 3477 qui
509 3414 562 3460 eas
589 3396 622 3460 in
650 3413 827 3460 sermonem
850 3394 998 3459 Latinum
1025 3392 1199 3470 transtulit,
1229 3392 1261 3455 in
1289 3393 1422 3475 prologo

234 3565 238 3569 .
275 3503 312 3567 ab
336 3502 392 3567 illo
416 3502 449 3566 11
472 3522 591 3567 morem
617 3500 766 3567 cotidiani
791 3500 910 3582 eloquii
932 3499 1076 3583 paruulis
1100 3498 1203 3563 adhuc
1230 3498 1423 3564 lactantibus

320 3711 340 3780 ¹)
360 3711 393 3765 oi.
413 3712 475 3779 643,
495 3711 511 3764 6
531 3708 1014 3781 (11111111111111.),642,5(11111.
1034 3724 1100 3761 sacr.
1121 3707 1223 3775 alleg.),
1243 3707 1305 3773 642,
1326 3707 1358 3761 16
1380 3707 1424 3773 (de

274 3803 344 3870 post.
370 3798 467 3871 Caini),
491 3800 552 3863 656,
576 3800 594 3854 8
617 3801 645 3853 11
665 3799 696 3852 11
721 3798 766 3869 (11
786 3797 912 3868 profug.),
932 3798 993 3860 641,
1013 3798 1029 3850 9
1049 3794 1375 3864 116418111111111.
1396 3799 1425 3848 et

274 3892 373 3960 poem),
393 3905 565 3959 quamquam,
585 3905 645 3943 oum
664 3887 744 3941 Philo
765 3886 874 3941 easdem
893 3902 935 3939 res
954 3885 1062 3955 saepius
1077 3884 1260 3950 tractanisset,
1274 3883 1342 3936 alios
1358 3900 1424 3952 qno·

276 3993 327 4048 que
347 3977 405 4031 eins
423 3977 516 4040 libros,
537 3993 603 4046 quos
623 3977 651 4029 in
671 3975 864 4029 commentario
884 3974 1011 4037 indicaui,
1030 3972 1163 4042 respicere
1182 3971 1280 4040 potuit.

320 4064 340 4133 ²)
362 4064 395 4119 cf.
414 4065 526 4119 Kelluer
544 4082 570 4134 p.
591 4065 643 4119 153
662 4081 721 4135 sqq.

319 4153 339 4222 ³)
359 4153 391 4208 of.
411 4153 486 4208 Patr.
507 4152 752 4209 (11.1111162111.
778 4157 807 4206 11
830 4151 956 4206 Hamaclx
979 4151 1041 4204 ‘Die
1063 4149 1171 4203 Ueberl.
1197 4148 1251 4202 und
1277 4148 1326 4203 der
1349 4150 1423 4203 Best.

275 4244 322 4297 rler
341 4243 435 4297 altchr.
455 4242 533 4299 Litt’
553 4244 566 4298 l
586 4244 637 4298 358
657 4260 696 4311 sq.

321 4332 340 4400 ⁴)
361 4331 393 4387 oi.
412 4332 486 4386 Patr.
508 4331 552 4386 Gr.
572 4332 640 4385 XIII
660 4331 711 4385 198
730 4331 771 4387 M.
