3175 5017
649 432 869 485 Praelatio.
1241 434 1331 499 Vffl]

184 624 421 707 requiescamus
445 624 476 687 in
502 643 537 689 eo
563 624 601 688 ab
626 624 711 689 omni
734 624 831 691 istius
854 626 964 689 mundi
988 626 1213 703 sollicitudine,
1239 644 1332 707 quam

184 730 316 795 cottidie
340 731 476 796 diuersis
498 731 763 815 exagitationibus
784 732 991 797 sustinemus.
1014 732 1114 816 pudet
1133 732 1207 797 filiis
1227 752 1335 816 super·

184 836 303 915 ninere,
327 838 443 915 taedet,
464 856 535 902 cnm
554 840 605 903 tot
623 837 756 903 aduersa
775 839 942 905 audiamus
962 839 1208 916 carissimorum,
1227 840 1332 903 lucem

185 943 265 1007 hane
298 962 440 1026 carpere:
472 945 613 1027 ipsarum
647 946 855 1009 aeclesiarum
888 946 1031 1011 diuersos
1064 946 1182 1011 fluctus
1214 949 1332 1027 tempe·

183 1054 346 1133 statesque
373 1052 428 1117 uel
454 1054 637 1135 praesentes
666 1052 772 1117 subire
801 1054 854 1117 uel
882 1053 1020 1135 recipere
1043 1051 1148 1118 animo
1172 1052 1243 1134 quis
1266 1056 1332 1116 tam

183 1156 256 1221 fort
233 1161 315 1222 trsn
295 1158 472 1241 utpatient
475 1160 673 1224 erferat‘?e
657 1160 807 1241 etpaulo
831 1164 906 1242 post
927 1160 1018 1242 (414,
1043 1161 1076 1242 8)
1100 1159 1179 1223 haec
1202 1158 1331 1223 adiecit:

181 1265 480 1345 requiescamuse
482 1266 560 1331 tiam
593 1268 631 1332 ab
665 1267 750 1331 omni
783 1287 860 1333 cura
895 1271 1035 1332 terrenae
1073 1265 1332 1341 conuersationis,

183 1391 265 1453 quae
294 1390 408 1455 corpus
439 1376 584 1437 nostrum
608 1376 702 1456 atque
727 1374 865 1437 animam
888 1374 1107 1456 frequentibus
1129 1376 1223 1437 uexat
1247 1373 1333 1438 dolo-

180 1478 271 1541 ribus
300 1479 465 1561 uitamque
494 1480 628 1543 adterit'.
662 1483 747 1545 certe
775 1499 834 1545 non
866 1480 904 1545 de
931 1481 1137 1546 barbarorum
1159 1479 1332 1564 irruptione

181 1602 219 1647 ae
252 1585 487 1667 prouinciarum
519 1587 643 1668 aliquot
674 1586 800 1669 imperii
827 1588 960 1653 Romani
994 1587 1223 1664 deuastatiene,
1253 1605 1332 1668 qnae

181 1692 267 1756 faeta
296 1695 345 1758 est
367 1692 501 1758 Ualente
528 1694 616 1758 uicto
646 1714 803 1776 quamque
832 1698 961 1759 secutae
989 1697 1064 1758 snnt
1090 1694 1273 1776 pestilentia
1296 1712 1332 1757 ac

181 1799 295 1877 fames,
328 1800 387 1865 boc
419 1802 491 1865 leco
518 1802 723 1883 potissimum
752 1802 867 1886 agitur,
896 1802 928 1865 id
956 1801 1042 1883 quod
1069 1801 1206 1865 Maurini
1234 1802 1331 1864 statu·

180 1907 285 1983 erunt,
323 1906 380 1971 sed
414 1926 606 1991 quamquam
644 1910 801 1974 malorum
837 1910 966 1974 illorum
1004 1909 1188 1973 memoriam
1226 1906 1331 1972 auimo

180 2015 321 2093 repetere
352 2014 459 2095 potuit
491 2016 690 2093 Ambrosius,
725 2018 830 2080 tamen
864 2035 901 2079 ea
932 2035 1013 2096 quse
1050 2014 1088 2078 de
1127 2013 1331 2078 ecelesiarum

113 2108 116 2112 ’
182 2120 362 2185 turbatione
387 2124 442 2185 aut
463 2122 526 2187 iarn
551 2123 635 2187 facta
659 2126 713 2187 ant
736 2122 830 2187 modo
855 2122 1041 2187 imminente
1065 2122 1213 2185 dicuntur
1236 2138 1329 2201 quam

182 2226 317 2291 maxime
350 2229 514 2312 urguendo
547 2248 617 2295 esse
649 2230 807 2295 uidentur.
840 2230 949 2312 itaque
982 2248 1055 2293 curn
1087 2228 1168 2291 liber
1196 2226 1234 2291 de
1261 2227 1330 2291 Noe

182 2332 321 2415 scriptus
342 2335 385 2397 sit
408 2338 481 2415 post
504 2354 576 2399 enm
602 2356 663 2419 quo
688 2336 726 2401 de
747 2335 823 2401 Cain
847 2339 880 2401 et
897 2335 979 2400 Abel
1003 2334 1169 2418 agitur-
1189 2334 1330 2398 conferas

184 2456 263 2518 quae
288 2440 326 2503 de
350 2440 509 2505 Abraham
534 2442 605 2517 ΙΙ,
632 2444 839 2525 lleguntur:
874 2442 1032 2524 ‘quoniam
1061 2439 1330 2524 perordinem
1401 2486 1405 2491 -

183 2544 278 2609 huius
304 2566 429 2631 quoqne
453 2549 650 2632 patriarchae
671 2554 742 2632 gest
744 2568 761 2613 a
729 2549 978 2614 tconsiderare
998 2548 1139 2612 animum
1157 2547 1319 2611 subiit—

182 2650 222 2713 ad
259 2672 356 2718 annos
395 2654 690 2720 CCCLXXXllle
692 2655 1002 2721 tCCCbXXXllll
1037 2674 1233 2732 reuocamm,
1275 2596 1331 2735 qui

183 2759 328 2825 maximis
356 2762 504 2827 calamia
472 2764 630 2827 t'tibus
621 2764 764 2847 moignes
787 2763 926 2839 fuerunt,
951 2763 1046 2827 caede
1070 2761 1223 2838 Gratiani,
1247 2762 1334 2825 fame

183 2866 347 2949 etinopia‚
363 2869 530 2950 quibust
499 2871 530 2935 lt
531 2870 645 2936 sliat
612 2875 645 2936 at
646 2891 706 2953 que
725 2871 884 2953 inprimis
903 2871 979 2938 urbs
999 2870 1133 2936 uexabat
1134 2889 1180 2945 ΙΙΙ,
1196 2867 1329 2949 denique

183 2975 464 3040 controuersiist
432 2980 526 3060 atque
550 2978 809 3043 altercationibus
833 2996 868 3041 ex
892 2976 998 3059 prauis
1017 2974 1328 3040 Priscillianistarum

182 3080 385 3161 opinionibus
412 3082 506 3147 natis.
540 3089 636 3166 atque
664 3085 727 3149 iam
755 3084 943 3148 imminebat
965 3082 1118 3147 ecelesiae
1142 3081 1180 3145 ab
1203 3080 1328 3145 Arianis

181 3186 355 3266 infestatio,
389 3209 469 3272 qnae
501 3210 573 3255 mox
605 3210 684 3255 anno
714 3189 941 3256 CCCLXXXV
967 3190 1092 3254 Iustina
1114 3186 1329 3253 Ualentiniani

179 3292 314 3358 iunioris
338 3300 438 3361 matre
456 3297 629 3382 instigante
648 3297 679 3361 in
700 3298 923 3381 grauissimam
943 3295 1193 3380 persecutionem
1214 3294 1328 3375 erupit.

182 3418 245 3481 qua
280 3420 354 3467 cum
385 3422 419 3468 ra
452 3405 600 3470 conuenit
633 3405 718 3487 quod
748 3405 867 3469 librum
899 3405 937 3469 de
966 3404 1038 3492 Noe
1072 3405 1143 3467 ante
1177 3420 1256 3484 opus
1289 3399 1328 3464 de

181 3508 296 3573 officiis
320 3510 536 3576 ministrorum
561 3512 717 3593 seriptum
741 3530 811 3575 esse
835 3511 1059 3592 comprobatur
1080 3509 1150 3574 loco
1174 3507 1213 3573 dc
1237 3508 1289 3574 off.
1313 3508 1328 3571 Ι

174 3616 235 3690 -18,
263 3617 314 3693 78,
340 3636 402 3699 quo
427 3618 466 3681 ad
488 3618 562 3683 libri
591 3618 628 3682 de
651 3619 720 3685 Noe
749 3618 922 3683 sectionem
950 3618 992 3680 24
1022 3616 1214 3699 delegamur.
1248 3633 1328 3695 epus

180 3725 289 3785 autem
321 3723 403 3788 illud
435 3725 556 3789 editum
585 3744 656 3791 esse
684 3728 758 3808 post
785 3744 902 3791 annum
932 3722 1171 3789 CCCLXXXVI
1202 3720 1328 3785 dnobus

180 3829 251 3899 eius
275 3829 354 3895 loeis
381 3829 561 3909 edocemur,
584 3830 600 3895 I
626 3831 676 3909 18,
703 3832 743 3894 72
769 3833 802 3895 et
823 3830 855 3894 ΙΙ
878 3830 932 3906 29,
958 3830 1021 3891 150
1046 3847 1091 3909 sq.

225 3936 402 4019 Postquam
437 3938 475 4002 de
503 3936 571 4002 Noe
599 3937 734 4002 historia
762 3936 907 4018 exposuit
929 3935 1128 4010 Ambrosius,
1155 3933 1328 3997 iamcete·

176 4060 287 4106 rerum
316 4043 565 4126 patriarcharum
592 4063 642 4108 res
672 4047 779 4128 gestas
809 4042 889 4107 serie
922 4041 1070 4106 contiuua
1102 4058 1243 4104 enarrare
1277 4038 1328 4102 ad·

177 4169 310 4233 gressus
341 4154 400 4215 est.
433 4151 516 4225 unde
543 4150 643 4215 libros
672 4151 710 4214 de
732 4149 892 4215 Abraham
920 4150 1009 4213 Isaac
1033 4146 1127 4212 Iacob
1150 4146 1266 4230 loseph
1290 4164 1326 4218 eo

179 4257 235 4338 qui
258 4260 308 4321 est
330 4257 362 4321 iu
382 4277 471 4323 saera
489 4258 646 4341 scriptura
665 4256 772 4323 ordine
791 4256 925 4320 interne
945 4254 1105 4336 excepisse
1123 4252 1327 4317 manifestum

179 4366 239 4429 est.
271 4366 363 4446 patet
385 4369 492 4429 autem
515 4364 547 4429 id
570 4364 774 4446 potissimum
800 4362 862 4447 agi,
886 4364 923 4426 ut
946 4365 1173 4443 quo-tempore
1196 4358 1327 4423 libellus
