3175 5017
651 449 870 504 Praefatio.
1290 455 1338 519 111

183 644 254 707 ueri
286 645 391 727 specie
424 645 626 710 coniecerunt
658 646 788 710 eandem
821 666 888 711 rem
916 665 1042 730 quoque
1072 646 1104 711 in
1133 647 1231 713 altero
1254 646 1336 714 libro

184 768 267 831 esse,
299 771 360 833 quo
393 753 583 819 Ambrosius
614 773 667 819 eos
699 753 753 835 qui
783 753 992 836 prouectioris
1027 753 1214 836 disciplinae
1248 756 1336 818 eraut

183 858 352 924 altioribus
377 859 537 926 doctrinae
562 880 668 926 sacrae
692 861 823 926 secretis
847 860 972 925 initiare
993 861 1127 925 studuit.
1148 880 1221 925 oum
1243 880 1336 943 opere

184 965 224 1029 de
247 968 405 1032 Abrabam
429 971 535 1033 eutem
558 969 794 1034 necessitudine
819 968 955 1052 quedam
979 968 1140 1033 coniuncti
1165 971 1241 1033 sunt
1264 968 1338 1033 libri

184 1072 224 1137 de
247 1075 348 1152 Isaac,
373 1076 411 1139 de
434 1076 516 1141 bono
540 1077 664 1155 mortis,
684 1077 723 1141 16
741 1077 847 1150 Iacob,
869 1076 907 1140 16
926 1074 1053 1157 loseph,
1073 1074 1208 1159 denique
1228 1076 1257 1140 16
1282 1076 1337 1158 qui

183 1182 282 1266 uolgo
307 1183 344 1247 de
367 1183 643 1249 benedictionibus
666 1184 917 1267 patriarcharum
940 1181 1136 1249 inscribitur.
1161 1182 1280 1246 etenim
1305 1182 1337 1245 in

184 1288 310 1353 exordio
334 1290 408 1354 libri
432 1290 469 1355 de
492 1290 583 1355 Isaac
607 1291 646 1355 ad
670 1310 760 1375 opus,
781 1309 844 1372 quo
870 1291 908 1354 16
927 1288 1087 1354 Abrabam
1113 1288 1229 1372 agilum
1249 1307 1339 1353 reuo.

183 1412 294 1459 camur
315 1396 457 1479 itemque
480 1397 591 1480 primis
615 1398 688 1461 libri
712 1398 750 1462 de
770 1398 852 1463 bono
872 1396 985 1461 mortis
1004 1395 1111 1460 uerbis
1131 1395 1171 1459 ad
1191 1396 1338 1460 libellum

183 1501 223 1564 de
247 1503 346 1568 Isaac.
374 1503 406 1567 in
434 1504 507 1568 libri
536 1503 574 1569 de
596 1505 713 1587 Ioseph
741 1505 890 1589 ingressu
914 1503 1105 1571 Ambrosius
1137 1522 1193 1568 nos
1217 1504 1339 1587 relegat

182 1608 337 1675 61111166
353 1610 390 1675 16
404 1611 564 1676 Abrabam
580 1611 670 1676 Isaac
689 1611 780 1677 Iacob
796 1630 894 1693 seque
913 1610 1089 1675 secundum
1106 1610 1338 1693 scripturarum

183 1715 300 1779 seriem
321 1736 371 1781 res
396 1720 503 1801 gestas
528 1717 776 1800 patriarcharum
802 1716 959 1798 explicare
978 1716 1154 1799 profitetur.
1173 1715 1237 1779 iarn
1262 1732 1337 1778 uero

180 1820 281 1888 libros
312 1823 350 1887 de
380 1825 475 1889 Iacob
507 1843 542 1889 61
573 1824 772 1889 sermonibus
802 1823 997 1906 compositos
1021 1840 1092 1886 esse
1115 1821 1225 1887 uerbis
1250 1821 1284 1885 Il
1307 1823 1338 1898 5,

183 1930 227 1992 23
251 1931 347 1995 ‘siout
373 1930 493 1996 audisti
520 1931 586 2015 legi
615 1932 719 1995 bodie‘
743 1930 955 1997 confirmatur.
984 1947 1086 2012 neque
1119 1928 1214 1993 aliter
1239 1927 1339 1993 statui

181 2042 292 2117 potest
320 2038 357 2103 16
385 2039 505 2116 1116116,
530 2039 585 2121 qui
613 2039 651 2103 16
679 2038 796 2121 Ioseph
824 2036 1019 2102 inscribitur.
1043 2056 1114 2099 narn
1137 2035 1283 2118 primum
1305 2034 1339 2097 id

182 2148 343 2210 testantur
365 2147 463 2211 uerba
488 2148 516 2223 1,
544 2148 573 2222 1,
598 2146 714 2227 quibus
743 2146 842 2210 simul
871 2163 951 2227 quae
975 2146 1154 2207 ceterorum
1178 2142 1217 2205 16
1243 2140 1339 2223 patri-

182 2253 287 2317 archis
309 2254 462 2318 librorum
487 2253 576 2337 origo
601 2254 698 2317 luerit
719 2254 917 2319 illustretur:
946 2250 995 2315 ‘de
1020 2249 1136 2332 quibus
1162 2248 1338 2330 (Abraham

181 2358 273 2425 Isaac
291 2359 400 2447 Iacob)
420 2362 500 2426 mibi
519 2380 592 2425 oum
612 2362 759 2443 frequens
778 2362 935 2425 tractatus
954 2357 1062 2434 fuerit,
1086 2354 1209 2419 hodie
1237 2354 1339 2418 sancti

183 2467 299 2552 Ioseph
322 2469 457 2534 historia
481 2469 641 2537 occurrit)
665 2468 776 2532 deinde
802 2486 838 2531 61
861 2462 1121 2547 61611661116,
1142 2463 1196 2527 30.
1217 2461 1275 2525 33.
1296 2460 1338 2524 35

180 2575 334 2661 leguntur
356 2577 563 2642 manifestum
587 2580 637 2641 661
659 2574 864 2640 Ambrosium
893 2573 945 2637 116
969 2571 1050 2638 16616
1075 2572 1170 2647 16616,
1195 2568 1227 2631 11
1253 2566 1340 2649 quod

183 2686 358 2750 orationem
386 2704 508 2751 sacram
537 2686 679 2762 decebat,
705 2680 917 2766 calligonum,
944 2676 1164 2761 praepositum
1197 2673 1339 2738 cubiculi

183 2791 397 2857 Ualentiniani
419 2793 563 2861 iunioris.
588 2788 870 2876 significauisse.¹)
894 2785 974 2851 adde
1000 2784 1084 2868 quod
1109 2783 1216 2846 uerbis
1244 2781 1275 2856 6,
1297 2781 1339 2843 36

182 2899 385 2964 ‘meministis
418 2903 502 2965 certe
534 2898 706 2963 uerborum
738 2902 892 2960 meorum‘
929 2890 1118 2956 Ambrosius
1157 2886 1339 2969 adpellauit

183 3008 349 3073 audientes
382 3012 478 3090 atque
512 3009 542 3086 7,
567 3005 740 3071 3811616
765 3024 801 3069 66
832 3005 961 3067 locutus
997 3000 1058 3068 661.
1086 3003 1123 3061 61
1152 2994 1339 3077 episcopum

185 3114 262 3180 haec
286 3116 317 3179 in
342 3116 482 3181 oratione
506 3133 596 3179 66616
617 3112 792 3196 protulisse
811 3110 890 3194 ipsis
910 3106 1018 3172 uerbIs
1039 3104 1237 3169 edoceamur.
1257 3099 1338 3163 libro

184 3224 292 3285 autem
325 3221 363 3285 de
395 3221 521 3304 Ioseph,
554 3223 591 3284 ut
623 3220 654 3283 in
687 3217 853 3301 pristinam
885 3211 1104 3296 iutegritatem
1138 3207 1338 3284 restituatur,

183 3328 404 3412 adiungendus
433 3332 482 3393 est
509 3327 651 3403 libellus.
680 3325 735 3409 qui
762 3324 794 3387 in
823 3321 932 3386 661166
962 3316 1187 3399 antiquissimo
1214 3317 1246 3378 et
1270 3312 1338 3395 qui·
1430 3358 1434 3365 -

183 3434 319 3499 busdam
353 3435 408 3518 qui
441 3455 476 3499 61
509 3454 545 3499 66
578 3434 737 3497 fluxerunt
760 3429 809 3494 ‘de
842 3425 1054 3511 patriarchis,
1079 3424 1111 3487 in
1145 3420 1260 3486 ceteris
1287 3420 1338 3483 ‘de

184 3540 459 3606 benedictionibus
473 3540 734 3625 patriarcharum'
748 3534 941 3600 inscribibur.
957 3532 1046 3614 patet
1060 3528 1144 3592 enirn
1159 3544 1338 3590 sermonem

185 3649 324 3730 quidem,
348 3668 410 3714 non
433 3648 550 3713 librum
569 3647 615 3711 616
635 3646 741 3713 uerbis
762 3640 909 3708 concludi
929 3637 1085 3722 potuisse.
1105 3653 1186 3715 quae
1205 3633 1236 3696 in
1257 3632 1338 3696 libro

183 3756 223 3820 de
238 3758 355 3841 Ioseph
375 3758 488 3823 ultimo
507 3757 669 3839 leguntur.
682 3752 707 3839 2)
728 3755 824 3833 atque
840 3746 1067 3813 Cassiodorum
1087 3744 1173 3806 hunc
1193 3744 1225 3804 et
1244 3740 1338 3803 illurn

228 3932 249 4000 ¹)
270 3932 302 3986 cf.
323 3930 438 3986 11111111
459 3930 535 3985 Stud.
554 3928 678 3982 Ambros.
697 3925 766 3982 Anu.
786 3923 853 3993 phil.
872 3920 960 3991 suppl.
975 3916 1053 3971 XVII
1068 3916 1102 3970 16
1123 3931 1162 3983 sq.
1181 3913 1265 3981 longe
1285 3910 1338 3964 alio

181 4021 264 4075 modo
293 4020 326 4074 de
355 4020 450 4074 eadem
476 4036 505 4073 re
532 4017 653 4088 loquitur
680 4013 838 4069 Ambrosius
865 4011 896 4064 16
923 4008 1058 4078 epistulae
1086 4004 1122 4059 ad
1148 4000 1338 4057 Mareellinam

183 4102 312 4175 sororem,
337 4127 406 4179 quae
429 4110 458 4162 in
476 4108 658 4163 Maurinomm
682 4104 804 4159 editione
829 4098 1032 4163 6611166611116,
1059 4097 1125 4150 6661.
1150 4092 1194 4146 18.
1221 4093 1339 4144 ceterum

182 4202 211 4253 in
230 4204 296 4255 sect.
316 4200 351 4253 28
370 4200 433 4253 libri
453 4198 486 4252 16
504 4197 603 4266 Ioseph
622 4193 702 4249 simul
719 4192 855 4245 Iustinam
874 4185 1155 4256 designariapertum
1177 4183 1226 4233 est.

229 4290 250 4359 ²)
267 4290 395 4345 artiorem
410 4290 481 4341 inter
494 4286 565 4341 hunc
579 4285 678 4339 librum
694 4285 722 4336 61
736 4298 798 4335 eum
812 4279 859 4349 qui
875 4278 908 4331 de
923 4274 1022 4345 Ioseph
1037 4270 1194 4326 inscribitur
1205 4266 1338 4320 rationein

181 4380 352 4436 intercedere
371 4380 426 4433 iam
443 4376 547 4431 librarii
566 4376 682 4430 sensisse
702 4371 838 4426 uidentur.
858 4369 931 4422 certe
949 4365 978 4417 in
992 4361 1129 4417 Parieieco
1145 4354 1339 4427 bybliothecae

1266 4461 1299 4512 a*
