3175 5017
416 457 458 510 De
476 456 612 510 Abraham
630 456 658 510 II
677 459 701 521 7,
720 458 763 511 42.
782 458 817 512 43
847 457 871 525 (Ι
889 457 942 512 330
962 457 1063 524 A—F).
1248 463 1311 527 597

163 657 257 736 atque
289 672 387 717 usum
418 651 484 716 illic
517 671 594 716 suae
621 652 726 716 locare
753 651 883 717 uidetur
911 653 1118 734 substantiae,
1147 655 1203 718 uhi
1225 655 1312 719 hahi-

162 761 296 825 tandum
317 759 489 843 putauerit.
513 759 622 840 itaque
645 758 701 840 qui
724 762 774 824 est
797 761 897 824 terrae
921 761 1028 824 accola
1051 760 1210 826 habitator
1234 762 1312 826 caeli
1332 771 1355 824 Ι)

163 870 221 946 est,
246 867 302 950 qui
326 869 433 932 antem
456 866 617 930 habitator·
638 869 739 930 terrae
762 884 929 949 possessor
953 870 1003 931 est
1024 868 1147 934 mortis.

83 970 119 1033 42
205 974 236 1038 N
244 973 893 1038 umerauithbrahamtrecentos
913 973 1046 1038 decem
1068 977 1106 1038 et
1125 977 1215 1040 octo
1235 993 1312 1039 uer-

132 1079 1312 1162 snaculossuos....usqneChoba,quaeestaddextram

161 1187 362 1252 Damasci.
400 1190 433 1251 et
469 1206 619 1251 numerus
652 1186 762 1250 uitalis
798 1188 856 1250 est.
889 1186 919 1250 in
953 1185 1023 1267 ipso
1058 1187 1140 1252 enim
1174 1188 1250 1264 uita,
1285 1185 1312 1252 si

162 1294 329 1359 credamus
352 1294 385 1357 in
408 1294 590 1378 passionem
613 1293 644 1357 in
668 1293 794 1357 nomine
818 1291 937 1358 domini
959 1293 1043 1359 Iesu.
1066 1312 1139 1358 nam
1163 1294 1240 1359 haec
1264 1299 1314 1360 est

162 1400 301 1465 nominis
328 1400 546 1482 interpretatio
570 1399 667 1464 huius
693 1399 775 1482 quod
802 1398 938 1463 diximus
964 1398 1081 1478 Choba,
1106 1400 1139 1464 id
1163 1403 1212 1464 est
1236 1402 1313 1466 uita.

161 1507 234 1590 ipsa
257 1509 292 1570 et
313 1507 353 1569 ad
377 1506 536 1570 dexteram
561 1506 709 1570 Damasci
734 1524 805 1570 esse
828 1506 959 1588 pulchre
985 1505 1111 1581 dicitur3
1138 1507 1211 1589 agni
1230 1507 1358 1572 enims*

121 1638 147 1678 ro
164 1613 202 1677 ad
227 1612 398 1690 dexteram,
422 1612 516 1677 haedi
539 1615 645 1676 autem
670 1612 710 1676 ad
734 1612 905 1677 sinistram.
939 1611 1001 1676 scit
1029 1613 1198 1676 exercitata
1225 1632 1313 1678 mens

164 1740 245 1802 qnos
269 1719 309 1784 ad
331 1719 489 1802 proelium
512 1719 799 1784 consummandum
823 1718 971 1783 adhibeat
994 1717 1055 1782 sibi
1079 1719 1194 1800 quibus
1219 1719 1314 1784 armis

163 1829 311 1904 instruat,
328 1825 443 1906 quihus
460 1825 556 1889 ducat
569 1825 707 1890 uexillis.
727 1844 789 1889 non
809 1825 987 1907 aquilarum
1006 1826 1143 1908 praefert
1160 1826 1314 1910 imagines

164 1954 222 1998 nec
247 1934 410 2010 dracones,
435 1933 546 1997 sedin
571 1952 663 1998 cruce
687 1932 806 1998 Christi
831 1935 863 1997 et
880 1933 954 1997 Iesu
973 1933 1098 1998 nomine
1117 1934 1316 2018 progreditur

165 2041 203 2104 ad
226 2039 395 2122 proelium,
419 2038 479 2103 hoc
502 2038 594 2123 signo
618 2038 721 2115 fortis,
745 2038 806 2102 hoc
828 2037 945 2102 uexillo
965 2038 1079 2103 fidelis.
1103 2041 1216 2104 merito
1242 2059 1314 2124 ergo

124 2170 149 2211 rs
164 2165 253 2211 mens
289 2145 467 2224 exercitata,
501 2165 581 2228 quae
613 2144 734 2227 recepit
765 2163 874 2209 ueram
909 2146 1096 2228 sapientiam
1128 2147 1206 2212 iusti
1242 2149 1313 2213 uiri.

165 2252 291 2317 iustitia
322 2256 431 2317 autem
463 2253 576 2318 sollers
609 2251 815 2334 correptionis
848 2254 898 2316 est
930 2254 962 2316 et
995 2253 1154 2336 arguendo
1187 2257 1316 2318 reuocat

27 2338 28 2363 4
87 2358 126 2420 43
165 2363 358 2442 peccatores,
394 2360 523 2443 stringit
554 2359 739 2442 passionum
765 2359 917 2441 impetus.
950 2358 1021 2423 ideo
1051 2359 1129 2423 dicit
1161 2360 1361 2442 scripturus*

166 2467 241 2548 quia
267 2465 488 2530 reuocauit
517 2483 669 2530 omnem
698 2464 928 2548 equitatum
958 2463 1231 2545 Sodomorum,
1255 2467 1315 2532 hoc

167 2575 215 2636 est
242 2572 382 2636 habenas
410 2572 524 2646 tenuit,
551 2573 640 2636 irena
661 2570 793 2636 rationis
817 2572 968 2654 inposuit,
992 2572 1156 2636 reuocauit
1179 2573 1315 2654 culpam,

127 2702 151 2744 eo
167 2680 283 2744 statuit
311 2697 456 2744 errorem.
492 2697 592 2760 equus
621 2679 704 2743 enim
729 2681 813 2743 stare
837 2678 949 2754 nescit,
973 2678 1065 2743 uelox
1089 2677 1127 2742 ad
1150 2678 1315 2761 impetum,

168 2786 324 2850 ceruicem
362 2785 502 2850 exaltans
535 2805 636 2864 suam,
665 2785 810 2849 hinniens
850 2785 889 2848 ad
925 2784 1101 2848 libidinem.
1144 2785 1219 2867 quid
1251 2789 1317 2849 tam

255 3001 361 3057 4Gen.
383 3004 424 3064 14,
447 3003 479 3055 14
499 3019 538 3071 sq.
603 3002 737 3056 suaith.
757 3003 800 3066 25,
820 3003 854 3057 33
916 3003 949 3056 14
968 3002 1101 3072 respicere
1120 3001 1229 3056 uidetur
1248 3002 1317 3056 cele·

169 3090 277 3145 bratum
295 3089 379 3144 illud:
400 3091 437 3144 ‘in
455 3091 506 3145 hoc
526 3091 604 3161 signo
623 3092 734 3144 uincee'.
792 3091 825 3146 18
845 3090 911 3146 Gen.
935 3092 978 3154 14,
999 3091 1032 3145 16

205 3251 217 3302 1
240 3267 306 3303 snae
327 3250 383 3303 illic
400 3248 464 3303 DN
514 3251 531 3304 4
552 3207 700 3304 ‚CC—CIMX.
717 3253 745 3303 et
758 3239 827 3304 Ἦ
839 3250 927 3304 PCM
943 3253 1078 3304 trecentos
1099 3250 1191 3305 decern
1210 3254 1238 3304 et
1252 3249 1318 3304 VIII

168 3339 198 3392 D
240 3341 256 3393 5
271 3344 338 3407 poet
356 3355 419 3392 suos
437 3339 529 3393 omisit
548 3339 683 3393 librarius
701 3355 735 3392 ea
753 3356 824 3407 quae
842 3344 1000 3393 narrantur
1021 3339 1087 3394 Gen.
1107 3343 1152 3406 14,
1166 3343 1201 3392 14
1219 3356 1273 3407 sq.,·
1292 3343 1319 3392 et

169 3428 303 3496 percussit
318 3443 364 3480 eos
379 3430 407 3481 et
421 3431 578 3496 persecutns
594 3430 636 3481 est
649 3427 790 3496 suppleuit
804 3428 843 3482 ed.
859 3427 939 3484 Rom.
994 3429 1010 3482 5
1025 3434 1051 3482 et
1064 3428 1081 3482 8
1096 3428 1162 3482 coba
1174 3427 1322 3482 PDNCM

170 3515 222 3569 oba
240 3516 268 3568 B
336 3515 431 3585 dipsa
449 3515 512 3569 DN
578 3515 763 3579 ‘icaedarnns
787 3519 849 3583 (rs.
871 3516 897 3585 a)
915 3516 943 3568 P
1047 3516 1200 3584 passionem
1221 3516 1321 3584 scrcpsc'

169 3605 296 3674 passione
317 3604 382 3658 trost
453 3622 551 3659 nornen
571 3611 650 3672 (corr.
670 3609 727 3674 aot)
747 3606 775 3658 P
863 3605 927 3669 9iu
945 3605 1005 3676 ipsa
1023 3605 1051 3658 P
1130 3604 1164 3658 ad
1183 3621 1215 3658 cce
1234 3607 1265 3656 ut
1287 3603 1318 3656 1υ

206 3720 318 3774 dextera
337 3723 400 3786 (om.
420 3720 466 3790 ad)
484 3721 608 3776 DNOM
696 3738 755 3775 esse
773 3721 885 3790 pulchre
906 3721 1006 3774 dicitnr
1027 3721 1088 3774 T‘B
1107 3685 1159 3774 &se
1177 3719 1319 3788 pulchrum

172 3810 271 3863 dicitur
290 3809 403 3876 (dicItnr
420 3826 441 3864 s.
461 3812 501 3878 u.)
520 3810 548 3863 P
569 3810 680 3879 pulchre
706 3827 765 3864 esse
789 3810 889 3863 dicitur
906 3809 968 3864 DN
973 3809 1030 3863 OM
1106 3809 1138 3862 10
1158 3811 1250 3861 autem
1268 3825 1318 3862 om.

171 3899 233 3952 DN
233 3899 292 3953 GM
351 3899 382 3952 11
404 3898 534 3953 adhibeat
553 3899 605 3953 sibi
624 3900 725 3968 scopa·
742 3899 886 3953 adhiberet
903 3898 957 3952 sibi
975 3897 1091 3952 PBOM
1107 3897 1160 3950 sibi
1178 3895 1321 3950 adhiberet

172 3988 234 4042 DN
304 3988 339 4041 12
366 3987 484 4041 instruat
502 3989 602 4056 scripsi
619 3988 777 4040 instruxerit
796 3987 825 4040 N
843 3987 991 4040 instrueret
1010 3991 1057 4043 cet.
1119 3987 1151 4039 13
1171 3983 1273 4049 eruceri]
1295 3987 1323 4040 P

174 4078 206 4130 15
225 4076 345 4131 excitata
362 4076 395 4129 N
448 4077 560 4146 respicit
573 4077 601 4128 B
656 4077 689 4130 16
710 4077 884 4130 correctionis
904 4078 946 4129 est
966 4075 1025 4128 OM
1042 4078 1083 4128 est
1103 4074 1279 4143 correptionis
1294 4075 1321 4127 B

175 4165 206 4218 17
230 4170 258 4219 et
281 4165 395 4233 stringit
412 4164 440 4216 P
464 4168 504 4230 (et
526 4181 548 4220 s.
567 4181 594 4219 u.
614 4168 671 4231 m2)
691 4171 748 4228 cet,
766 4166 837 4233 fort.
861 4170 930 4218 recte
1022 4165 1055 4218 18
1075 4163 1138 4232 quia
1157 4164 1178 4229 (i
1195 4180 1217 4216 e.
1236 4169 1276 4229 o.)
1295 4164 1323 4216 P

175 4254 206 4306 19
229 4254 331 4308 abenas
349 4253 378 4324 (b
398 4271 431 4307 eo:
449 4258 477 4320 u)
496 4254 524 4306 P
546 4254 648 4307 alienas
670 4253 694 4306 0
781 4254 816 4308 20
839 4254 937 4306 statuit
962 4256 993 4321 (a.
1013 4256 1060 4306 m2
1077 4253 1090 4304 I
1108 4253 1266 4320 prostrauit)
1287 4251 1324 4304 M

208 4373 337 4424 terrorem
359 4369 382 4438 (t
400 4374 482 4437 cros.)
502 4369 530 4423 P
600 4369 674 4440 equi
689 4370 717 4422 P

1234 4472 1283 4526 39*
