3175 5017
290 430 392 504 LXVI
751 423 972 477 Praefatio.

293 622 412 703 scripta
439 622 523 689 3444.
547 620 579 683 in
603 618 662 683 DN
686 638 747 683 444
771 622 888 684 extant.
926 618 1009 682 unde
1033 617 1190 711 suspicari
1212 617 1289 682 licet
1318 618 1441 681 fontem
1529 676 1531 679 Α

294 746 402 792 eorum
427 728 567 791 codicem
590 726 615 789 P
640 724 840 791 simillimum
866 728 962 807 atque
985 724 1120 788 44444334
1145 742 1218 787 eum
1240 722 1349 805 ipsum
1378 742 1441 804 444

292 834 413 899 librarii
436 834 467 897 in
491 834 552 897 hoc
576 832 759 915 corrigendo
783 830 836 895 usi
860 835 936 895 3444
953 831 1063 897 fuisse.
1087 830 1200 894 multis
1218 830 1308 898 uitiis
1326 829 1443 894 foedis-

295 961 355 1024 que
381 940 580 1022 librariorum
611 938 799 1002 commentis
826 938 984 1019 inquinati
1011 958 1072 1003 non
1100 941 1207 1001 tamen
1235 936 1327 1018 plane
1358 955 1444 1017 sper-

294 1048 388 1113 nendi
421 1049 505 1125 3444,
531 1065 602 1110 cum
631 1045 683 1109 hic
712 1044 778 1108 illic
806 1044 838 1107 in
866 1044 912 1107 eis
941 1063 1018 1107 uera
1039 1044 1135 1108 lectio
1160 1043 1360 1107 coniecturae
1385 1061 1444 1123 ope

294 1154 445 1219 restituta
468 1152 692 1234 conspiciatur,
718 1151 821 1215 ueluti
844 1152 920 1228 452,
942 1152 958 1213 7
979 1150 1180 1230 incorporeos
1198 1150 1258 1213 DN
1280 1167 1445 1229 corporeus

295 1261 332 1339 P,
356 1262 432 1338 485,
458 1262 498 1324 27
524 1259 592 1321 Noe
615 1258 702 1321 44444
727 1257 786 1321 DN
813 1256 901 1321 homo
924 1256 991 1321 Noe
1013 1257 1049 1334 P,
1074 1276 1155 1338 4444
1182 1256 1354 1320 uerborum
1381 1252 1445 1317 col-

296 1367 414 1433 locatio
443 1366 495 1430 nix
524 1364 649 1430 defendi
676 1366 793 1446 potest,
817 1365 894 1443 488,
921 1367 936 1429 1
962 1364 1088 1427 donadac
1110 1363 1170 1427 DN
1192 1362 1316 1426 domiuo
1338 1361 1447 1440 utique

296 1474 322 1538 P
348 1473 467 1559 (444444
490 1474 572 1537 male
595 1472 791 1553 repetitum),
815 1472 892 1548 490,
918 1473 937 1534 5
961 1469 1215 1534 delectationibus
1232 1468 1292 1534 DN
1315 1468 1448 1531 delecto-

297 1580 393 1644 tionis
409 1580 444 1644 P.
468 1578 539 1643 aliis
562 1578 642 1643 locis
666 1597 716 1641 res
739 1577 859 1641 incerta
877 1579 937 1655 434,
957 1596 1149 1659 quamquam
1168 1562 1287 1640 codicis
1302 1576 1329 1640 P
1347 1574 1448 1640 uesti-

299 1686 360 1771 giis
384 1686 531 1749 insistere
554 1684 659 1749 tutius
684 1702 754 1747 esse
778 1683 917 1747 uidetur.
941 1703 1035 1765 quam
1061 1684 1099 1747 ob
1123 1703 1190 1747 rem
1216 1685 1292 1758 481,
1318 1683 1336 1744 7
1360 1690 1449 1765 <444

296 1804 351 1864 44)
374 1791 531 1873 4444444444
555 1790 678 1871 scripsi,
701 1789 886 1871 stpae'flcoas
903 1790 973 1853 DN.
998 1791 1074 1868 482,
1095 1792 1137 1853 26
1161 1790 1222 1854 DN
1245 1790 1342 1853 creati
1359 1806 1448 1871 prae-

298 1901 383 1976 bent,
409 1898 466 1963 sed
488 1898 624 1961 sortasse
640 1896 724 1979 facti
743 1896 868 1961 excidit.
893 1897 969 1973 489,
992 1899 1032 1961 16
1051 1897 1083 1960 in
1103 1897 1163 1961 DN
1180 1897 1300 1960 nesciat
1316 1895 1448 1979 legitur,

883 1995 910 2023 Μ

298 2044 331 2106 in
354 2042 379 2105 P
402 2060 465 2104 444
487 2040 616 2117 nesciat,
641 2040 776 2103 44444334
801 2058 837 2103 er
860 2040 1003 2102 44444144
1026 2042 1145 2117 444444;
1174 2039 1260 2122 quod
1283 2039 1311 2103 si
1334 2058 1450 2103 uerum

300 2152 359 2226 est,
383 2168 446 2211 444
468 2148 547 2211 sotot
570 2146 809 2229 praeferendum
833 2166 903 2210 esse
927 2146 1135 2231 intellegitur.
1160 2146 1216 2210 sed
1233 2146 1328 2229 longe
1347 2146 1452 2209 maior

299 2256 414 2324 horum
438 2254 583 2319 codicum
607 2254 638 2317 in
663 2252 835 2335 scriptione
859 2253 897 2317 de
920 2253 1080 2317 Abraham
1103 2254 1275 2318 auctoritas
1302 2256 1362 2331 434,
1387 2271 1452 2334 444

302 2363 340 2426 de
363 2382 395 2426 44
418 2380 490 2426 mor
514 2360 687 2444 exposituri
711 2379 833 2423 sumus.

347 2468 530 2533 Ceterorum
559 2467 704 2532 codicum
733 2469 789 2530 444
816 2467 925 2529 441143
954 2469 1010 2529 444
1038 2468 1123 2530 certe
1150 2466 1341 2549 perexiguus
1369 2484 1451 2528 usus

302 2579 360 2641 ost.
385 2594 421 2640 44
440 2576 485 2652 T‘,
505 2575 560 2655 441
579 2593 651 2638 cum
670 2572 695 2635 P
714 2573 780 2636 4444
805 2592 930 2655 semper
952 2573 1122 2655 conspirat,
1144 2573 1219 2655 quin
1244 2592 1280 2637 er
1302 2572 1363 2636 hoc
1386 2575 1452 2634 iam

301 2670 453 2757 conecto,
478 2700 540 2744 non
568 2682 673 2743 tamen
701 2680 782 2761 ipso,
809 2679 864 2743 sed
886 2680 968 2743 libro
994 2679 1132 2761 quodam
1154 2679 1369 2746 intercedente
1393 2678 1452 2741 fiu-

302 2789 382 2852 xcrit
411 2785 548 2850 dubitari
578 2802 639 2847 non
664 2786 780 2864 potest.
818 2784 1026 2847 inueniuntur
1050 2785 1133 2848 enim
1157 2785 1190 2848 in
1214 2804 1250 2849 eo
1275 2785 1454 2867 scripturae

303 2894 425 2975 aliquot
457 2910 529 2955 cum
557 2890 582 2953 Τ
610 2892 642 2953 44
669 2889 729 2953 DN
757 2894 979 2972 congruenter,
1008 2891 1091 2955 undo
1123 2895 1213 2974 patet
1244 2891 1389 2956 codicem
1418 2910 1455 2954 er

303 3018 366 3081 444
395 2998 537 3062 manauit
565 2997 637 3061 aliis
666 2997 756 3061 libris
785 2998 936 3062 adhibitis
960 2999 1080 3080 passim
1104 3002 1312 3063 retractatum
1337 2998 1454 3080 essel).

305 3106 328 3171 C
354 3109 386 3168 et
408 3105 452 3180 M,
478 3104 506 3168 si
528 3108 658 3185 reputas
684 3104 816 3168 eandem
842 3124 921 3187 4444
943 3104 1023 3169 inD
1045 3106 1135 3171 deest
1158 3105 1305 3189 opusculi
1329 3108 1455 3187 partem

305 3213 337 3275 in
366 3212 411 3276 eis
440 3231 500 3275 non
526 3214 641 3288 extare,
666 3231 702 3275 er
724 3212 806 3275 libro
830 3212 858 3275 D
883 3212 981 3276 simili
1004 3213 1185 3276 manauisse
1210 3212 1358 3295 opineris.
1397 3211 1455 3275 sed

305 3322 462 3401 repugnat
486 3318 569 3401 quod
595 3336 784 3400 quamquam
809 3319 921 3382 multis
944 3318 1025 3383 locis
1050 3339 1122 3383 cum
1142 3320 1172 3382 D
1196 3319 1327 3397 faciunt,
1344 3322 1454 3383 tamen

306 3425 417 3489 multis
442 3444 567 3506 quoque
593 3444 664 3487 oum
689 3425 714 3487 P
740 3428 835 3506 atque
858 3445 919 3489 non
944 3427 1048 3490 solum
1073 3445 1146 3490 cum
1171 3426 1270 3489 altera
1294 3429 1326 3490 44
1347 3426 1455 3491 tertia.

305 3533 337 3595 in
362 3552 397 3596 44
422 3550 529 3608 manu,
554 3529 610 3595 sed
634 3532 731 3595 etiam
755 3550 829 3595 cunr
852 3532 954 3615 prima
977 3533 1190 3598 consentiunt.
1216 3552 1296 3614 quae
1316 3552 1391 3595 cum
1409 3532 1456 3595 ita

307 3639 381 3716 sint,
405 3639 486 3703 nihil
514 3640 601 3702 aliud
628 3641 729 3702 restat
756 3640 819 3702 nisi
847 3644 883 3703 44
908 3643 1087 3705 statuamus
1111 3641 1316 3723 archetypum
1340 3640 1456 3703 horum

307 3745 453 3809 codicum
483 3764 519 3809 er
546 3746 626 3810 libro
654 3746 680 3809 P
710 3746 872 3811 simillimo
902 3747 1054 3830 originem
1088 3746 1225 3825 duxisse,
1255 3746 1312 3810 sed
1343 3750 1456 3829 postea

355 3978 374 4044 ¹)
395 3995 454 4031 cum
474 3978 505 4031 T‘
525 3996 629 4047 semper
647 3978 703 4032 4444
723 3996 782 4031 cum
801 3979 823 4031 P
843 3996 928 4047 eoque
948 3980 1001 4031 iam
1021 3983 1140 4033 correcto
1160 3981 1321 4045 consentiat,
1340 3982 1375 4034 iis
1393 3985 1455 4035 tan-

308 4070 368 4121 tum
386 4068 454 4121 locis
475 4069 572 4136 quibus
592 4068 624 4121 ab
644 4069 696 4121 hoc
716 4067 853 4137 discrepat
871 4070 929 4121 eius
948 4070 1113 4122 mentionem
1131 4069 1193 4125 feci.
1213 4088 1293 4139 qnam
1312 4070 1346 4123 ob
1361 4088 1419 4123 rem
1432 4071 1456 4123 si

309 4156 409 4225 siglum
428 4157 450 4209 P
469 4157 562 4209 littera
581 4157 610 4209 T*
630 4174 682 4209 non
703 4156 797 4209 addita
816 4158 948 4226 scriptum
967 4162 1016 4217 est.
1038 4160 1106 4212 seito
1126 4159 1285 4213 Trecensem
1304 4176 1364 4213 cum
1377 4160 1456 4213 Pari-

309 4246 377 4298 siaci
395 4262 476 4297 manu
494 4246 581 4313 prima
601 4249 635 4308 44,
655 4245 702 4297 ubi
721 4263 803 4299 manu
822 4248 908 4301 altera
926 4248 970 4301 uel
984 4249 1066 4301 tertia
1081 4250 1260 4303 correctiones
1272 4249 1367 4303 illatae
1383 4252 1455 4312 sunt,

310 4351 370 4387 cum
389 4334 431 4386 his
451 4351 603 4402 congruere.

1577 4183 1579 4228 ¹
