3175 5017
241 441 306 504 632
718 435 916 491 Ambrosii

242 635 317 711 cito,
338 636 392 698 sed
412 633 589 717 posteritati
614 618 804 698 reseruetur.
829 652 901 696 uam
921 635 954 696 et
971 631 1126 717 ingeniosi
1145 631 1247 694 multa
1265 630 1394 713 pariunt

243 761 322 823 quae
351 742 428 805 utile
457 746 506 805 est
534 740 758 806 circumcidere
782 739 892 822 etqui
916 739 1091 803 doctrinam
1115 738 1279 821 diligentia
1303 737 1392 802 adse-

242 848 309 913 cuti
342 851 417 912 sunt
447 848 555 912 uidere
587 849 618 911 in
651 866 686 911 se
718 847 833 911 debent
865 846 1075 911 inscientiam.
1108 845 1253 928 mysterii
1283 848 1392 909 autem

240 955 321 1018 ratio
341 954 488 1022 dilucida.
508 955 671 1019 remaeuli
694 954 777 1018 enirn
796 954 917 1032 Iudaei,
935 954 1037 1034 pretio
1057 953 1155 1035 empti
1174 955 1285 1036 gentes
1305 957 1391 1028 sunt,

242 1063 296 1143 qni
320 1060 530 1137 crediderunt,
555 1062 629 1144 quia
651 1061 753 1143 pretio
778 1060 942 1144 sanguinis
967 1059 1085 1125 Christi
1108 1059 1271 1140 redempta
1291 1060 1391 1124 eccle·
1423 1078 1437 1116 a
1463 1064 1486 1116 F

241 1169 300 1234 sia.
334 1187 406 1253 ergo
435 1173 468 1232 et
490 1169 629 1234 Iudaeus
656 1172 688 1232 et
712 1167 851 1234 Graecus
881 1170 1073 1250 quicumque
1102 1166 1271 1231 crediderit
1297 1166 1392 1230 debet

242 1276 323 1340 scire
351 1295 385 1340 se
413 1274 638 1340 circumcidere
668 1295 686 1339 a
715 1270 867 1357 peccatis,
900 1277 937 1338 ut
968 1273 1072 1356 possit
1104 1273 1214 1338 saluus
1244 1273 1323 1338 fieri.
1360 1276 1392 1336 et

243 1383 437 1448 domesticus
459 1387 499 1474 et
526 1383 702 1467 alienigena
729 1385 761 1446 et
788 1382 896 1446 iustus
921 1383 953 1446 et
975 1384 1123 1463 peccator
1146 1379 1393 1446 circumcidatur

241 1489 428 1554 remissione
459 1491 673 1570 peccatorum,
706 1491 744 1553 ut
774 1492 940 1572 peccatum
974 1508 1035 1553 non
1069 1491 1215 1570 operetur
1242 1487 1390 1571 amplius

242 1595 317 1678 quia
339 1615 429 1660 nemo
455 1595 598 1660 ascendit
620 1597 651 1659 in
671 1614 805 1679 regnum
826 1596 983 1660 caelorum
1004 1594 1066 1658 uisi
1084 1613 1140 1677 per
1159 1596 1391 1658 sacramentum
1412 1617 1438 1655 rc

240 1703 453 1785 baptismatis.
473 1722 530 1766 nec
548 1702 688 1786 proderit
707 1703 879 1784 superioris
899 1701 1024 1766 iustitia
1044 1701 1208 1782 temporis,
1229 1701 1307 1764 siin
1329 1701 1390 1764 fine

242 1811 328 1875 uitae
351 1809 508 1874 iustitiam
533 1810 745 1891 dereliquerit.
771 1809 842 1873 ideo
866 1809 987 1873 Paulus
1011 1808 1069 1872 ait:
1102 1807 1238 1890 pretio
1263 1807 1391 1889 empti

243 1918 364 1991 estis;
398 1917 529 1981 nolite
562 1917 658 1980 fieri
692 1917 803 1980 serui
840 1915 1073 1980 hominum·
1095 1917 1170 1978 sunt
1202 1912 1286 1978 enirn
1318 1933 1390 1978 con-

241 2024 347 2101 traria,
381 2024 453 2105 quia
488 2023 626 2087 seruitus
653 2026 785 2105 peccato
815 2022 1011 2086 contrahitur
1038 2026 1071 2085 et
1096 2021 1197 2104 pretio
1222 2023 1389 2103 peccatum
1438 2025 1499 2080 349
1515 2025 1542 2078 A

240 2129 424 2196 remittitur.
1412 2149 1438 2188 15

189 2241 231 2304 80
286 2239 373 2302 Haec
406 2237 506 2320 igitur
538 2235 675 2319 simplici
708 2236 906 2317 expositione
939 2235 1095 2300 abundare
1124 2234 1163 2297 ad
1190 2232 1391 2296 intellectum

243 2344 417 2428 opinamur.
453 2343 589 2425 ideoque
625 2362 686 2407 non
724 2343 821 2426 cybos
854 2343 1066 2426 geometricae
1098 2359 1157 2405 uec
1189 2342 1391 2423 tetragonum

140 2484 143 2488 ν
241 2463 408 2515 numerum
427 2449 645 2532 philosophiae
664 2468 722 2513 uec
741 2449 973 2513 confessionem
993 2451 1030 2512 ut
1043 2448 1132 2511 aiunt
1145 2444 1391 2529 Pythagoricum

242 2577 299 2622 nec
333 2577 457 2638 semper
489 2556 631 2639 uirgines
663 2561 701 2620 ut
735 2556 896 2639 appellant
928 2554 1113 2619 ebdomadis
1141 2571 1289 2616 numeros
1317 2569 1392 2616 cura

243 2665 433 2729 discutimus
456 2664 542 2726 inani
565 2682 622 2727 nee
646 2663 800 2727 mundum
824 2662 911 2726 radio
936 2662 1108 2725 formamus
1131 2679 1188 2724 nec
1212 2658 1333 2722 caelum
1358 2658 1390 2720 in
1412 2681 1440 2722 ao

184 2759 189 2762 ’
242 2772 372 2853 puluere
403 2771 584 2854 quaerimus
612 2789 670 2834 nec
698 2754 781 2833 intra
810 2772 962 2853 angustos
991 2769 1106 2832 abacos
1131 2766 1238 2832 orbem
1264 2767 1391 2830 conclu-

243 2879 359 2955 dimus,
384 2879 440 2942 sed
458 2897 535 2942 uera
553 2878 712 2961 aperimus
732 2877 893 2960 mysteria,
912 2895 1008 2940 unam
1028 2875 1162 2940 salutern
1182 2891 1252 2937 esse
1273 2872 1392 2938 Christi
1459 2879 1485 2932 B

242 2985 514 3050 resurrectionem.
553 2985 791 3065 conplentemur
824 3004 897 3067 ergo
931 2982 1134 3046 similitudini
1166 2979 1277 3044 mortis
1310 2979 1390 3054 eius,

243 3095 280 3153 ut
303 3110 480 3154 mereamur
502 3090 742 3154 resurrectionis
767 3089 973 3154 consortium.
998 3090 1030 3152 et
1053 3091 1146 3150 uetus
1170 3087 1264 3150 homo
1284 3088 1393 3149 noster

191 3201 231 3264 81
244 3199 342 3263 simul
365 3200 408 3261 sit
426 3197 565 3262 confixus
589 3198 685 3273 cruci,
710 3200 747 3260 ut
770 3215 884 3278 corpus
905 3195 1027 3278 peccati
1047 3194 1237 3258 destruatur.
1263 3192 1391 3276 egregie
1413 3215 1440 3254 as

333 3404 459 3460 5ICor.
480 3408 506 3468 6,
525 3405 560 3458 20
616 3404 840 3465 1010n.3.13
915 3404 948 3456 12
975 3402 990 3454 Ι
1015 3401 1074 3456 Cor.
1095 3404 1120 3465 7,
1140 3402 1173 3456 23
1249 3400 1281 3453 17
1309 3399 1391 3452 Philo

245 3493 468 3558 cusentinae
547 3494 580 3547 18
607 3493 688 3546 Philo
711 3492 796 3562 Legg.
821 3491 900 3560 alleg.
925 3491 938 3544 I
962 3491 978 3545 5
999 3491 1052 3556 (46,
1074 3491 1119 3553 16;
1139 3489 1153 3542 Ι
1172 3490 1215 3550 64,
1238 3487 1269 3540 19
1292 3487 1332 3555 0.)
1358 3487 1391 3540 de

244 3585 303 3636 uita
321 3584 407 3653 Moys.
426 3583 469 3636 ΙΙΙ
488 3584 521 3636 27
542 3582 581 3647 (ΙΙ
602 3584 660 3642 166,
679 3583 725 3646 42)
747 3581 779 3633 de
805 3580 925 3649 decalog.
951 3581 983 3633 21
1011 3579 1083 3645 (128,
1107 3579 1134 3644 8)
1160 3577 1193 3631 de
1218 3579 1286 3646 sept.
1310 3578 1327 3630 6
1353 3575 1393 3642 (Π

244 3673 305 3735 281,
326 3673 369 3735 15)
426 3673 460 3726 20
479 3671 560 3739 Uerg.
580 3671 646 3724 Aen.
666 3670 705 3723 Vl
723 3669 776 3723 850
831 3670 865 3722 23
886 3670 962 3722 Rom.
982 3669 1042 3732 6,5
1098 3667 1227 3721 2411001.
1248 3667 1309 3733 6,6

281 3814 419 3876 lmulata
437 3815 463 3865 P
530 3812 693 3866 4delncida
711 3812 732 3881 (i
749 3828 770 3864 e.
791 3815 816 3880 e)
835 3811 862 3864 P
934 3813 998 3863 sunt
1016 3812 1113 3878 gentes
1130 3807 1193 3862 DN
1256 3809 1345 3878 rique
1365 3806 1393 3860 P

246 3903 426 3972 (0103001)
451 3901 573 3955 T‘BOM
658 3900 799 3968 redempta
818 3903 859 3952 est
877 3898 941 3953 DN
1010 3897 1241 3952 lcircumcidere
1261 3913 1289 3949 se
1307 3896 1343 3959 B,
1364 3911 1393 3948 se

245 3991 342 4045 omO
395 3991 505 4044 9utD
524 3991 566 4056 (in
578 3993 646 4051 rus.)
660 3990 727 4043 ΝΜ
737 3990 782 4042 001
797 3994 843 4042 eet.
901 3990 933 4042 15
952 3985 1135 4040 rcdimitan
1190 3986 1222 4038 17
1241 4001 1296 4038 non
1310 3983 1393 4054 cybus

248 4080 296 4132 ΡΟ
311 4097 365 4133 000
384 4080 467 4133 cubos
491 4080 551 4134 T‘B
568 4085 594 4134 ct
613 4080 655 4146 (ire
672 4095 726 4146 quo
746 4079 855 4144 corbos)
873 4077 911 4130 M
925 4093 975 4130 uec
995 4076 1068 4130 cibos
1087 4073 1151 4128 DN
1211 4073 1243 4126 18
1261 4075 1323 4142 neo]
1342 4089 1394 4126 nec

245 4185 298 4221 non
317 4168 380 4220 DN
452 4169 638 4237 pytagoricam
656 4166 746 4220 BOM
761 4166 941 4234 pitagoricam
960 4163 1022 4218 DN
1093 4165 1125 4216 19
1146 4162 1301 4231 appellante
1320 4161 1347 4215 P
1368 4166 1394 4224 (e

247 4258 297 4310 alt.
316 4263 386 4325 cap.)
408 4257 650 4327 CappellanteP
717 4258 752 4310 20
771 4272 821 4309 000
840 4255 905 4308 solis
924 4254 1014 4307 radios
1032 4253 1062 4306 D
1082 4253 1123 4318 (te
1141 4269 1191 4320 my.
1211 4253 1259 4304 m2
1277 4251 1305 4303 al
1323 4250 1395 4303 liber

245 4362 295 4399 nec
314 4346 360 4411 du)
381 4346 414 4398 N
463 4350 497 4401 25
517 4347 655 4400 crucifixus
675 4346 747 4399 cruci
766 4345 828 4399 DN
899 4343 1004 4413 peccati
1023 4358 1075 4397 om.
1095 4341 1157 4395 DN
