3175 5017
422 450 463 503 De
482 450 553 503 bono
572 450 666 502 ruorti's
685 450 710 513 4,
733 449 775 503 13:
795 449 827 501 14
862 448 886 512 (Ι
905 450 956 503 395
975 448 1078 515 A-F).
1256 451 1319 513 715

174 646 285 711 mortis
318 649 368 710 o'st
400 645 513 719 anima,
542 662 622 726 quae
651 648 745 707 seusu
774 644 877 707 utitur
905 648 937 707 et
964 644 1033 706 uita
1059 644 1214 727 fungitur.
1248 661 1321 707 cum

176 756 280 817 autem
309 757 416 816 manet
443 756 517 834 post
545 754 679 815 mortem
708 751 776 814 uita
804 753 899 831 atque
928 750 1041 824 anima,
1069 753 1177 813 manet
1203 750 1322 813 bouum

175 879 230 923 nec
253 863 354 923 morte
380 859 546 933 amittitur,
572 858 628 922 sed
651 861 795 941 augetur,
815 876 873 921 uec
891 857 957 921 ullo
976 856 1190 938 inpedimento
1210 856 1321 920 mortis
1340 868 1366 921 D

174 966 350 1029 retardatur·
368 966 481 1040 anima,
502 965 558 1029 sad
577 970 725 1045 operatur
739 984 775 1027 aa
790 963 905 1046 magio,
920 963 993 1045 quia
1008 967 1156 1043 operatur
1169 981 1249 1045 quae
1264 981 1323 1025 sua

146 1075 250 1138 esunt
278 1073 345 1136 siue
374 1072 440 1135 ulla
468 1072 607 1151 corporis
637 1070 799 1148 societate,
829 1071 914 1151 quod
942 1069 1064 1133 animae
1091 1070 1203 1134 maiori
1236 1069 1322 1133 oneri

176 1198 270 1261 quam
299 1180 373 1243 usui
401 1181 460 1242 est.
495 1178 569 1259 quid
597 1175 697 1261 igitur
720 1180 770 1241 est
793 1177 868 1241 mali
891 1177 1024 1251 animae,
1049 1196 1128 1258 quae
1150 1178 1322 1259 puritatem

177 1306 266 1350 saram
296 1286 484 1350 custodierit
511 1289 544 1350 et
571 1287 728 1349 uirtutum
757 1284 959 1367 disciplinam
988 1285 1184 1348 seruauerit?
1213 1285 1268 1347 aut
1295 1281 1323 1344 si

176 1414 235 1458 non
260 1392 411 1469 seruauit,
436 1412 497 1457 nou
521 1412 605 1456 mors
629 1391 759 1468 malum,
784 1391 839 1456 sed
863 1391 941 1467 uita,
967 1391 1041 1472 quia
1064 1390 1131 1453 uita
1158 1409 1218 1453 non
1246 1388 1321 1451 fuit:

178 1519 256 1582 quae
290 1504 339 1564 est
371 1499 454 1563 euim
486 1500 554 1563 uita
587 1500 675 1563 uitiis
715 1498 917 1581 peccatisque
954 1498 1078 1562 obsita?
1115 1496 1190 1578 quid
1226 1495 1324 1578 igitur

12 1694 13 1699 γ
135 1628 159 1667 10
178 1626 365 1671 accusamus
398 1610 542 1681 mortem,
577 1626 656 1688 quae
689 1608 745 1669 aut
772 1606 858 1669 uitae
884 1605 1023 1686 pretium
1051 1604 1113 1668 luit
1140 1606 1197 1666 aut
1219 1601 1325 1667 abolet

12 1720 13 1799 l
178 1715 245 1777 eius
275 1713 415 1777 dolorem
444 1716 539 1794 atque
568 1712 764 1776 cruciatum?
788 1712 895 1792 itaque
918 1729 1003 1774 mors
1028 1714 1084 1773 aut
1107 1727 1182 1773 suae
1207 1709 1369 1790 quietisl}

12 1806 13 1813 ¹
177 1820 257 1885 bono
281 1820 384 1885 utitur
407 1824 462 1883 aut
485 1819 568 1882 malo
593 1819 695 1882 alieno
719 1818 852 1882 laborat.

12 2006 13 2017 χ
89 1932 133 1993 14
221 1926 314 1989 Nunc
342 1926 423 1990 illud
451 1929 574 2008 specta:
604 1926 631 1989 si
655 1926 722 1989 uita
746 1924 843 2000 oneri,
868 1943 953 1988 mors
978 1923 1182 1997 absolutioni,
1207 1922 1235 1985 si
1258 1922 1326 1985 uita

179 2032 346 2115 supplicio,
371 2051 455 2095 mors
479 2031 630 2108 remedio,
655 2033 710 2093 aut
734 2030 761 2093 si
785 2030 940 2094 iudicium
964 2032 1205 2111 postmortem,
1231 2030 1326 2092 etiarn

135 2160 160 2201 ιε
179 2141 246 2204 uita
268 2144 342 2220 post
366 2142 511 2203 mortem.
544 2138 613 2201 uita
641 2137 740 2221 igitur
769 2138 846 2201 haec
870 2154 930 2200 rrou
955 2141 1005 2200 est
1029 2136 1119 2212 bona,
1145 2139 1201 2199 aut
1224 2135 1252 2198 si
1275 2135 1325 2198 liic

180 2248 260 2311 bona
283 2247 360 2322 uita,
385 2244 542 2327 quomodo
566 2244 633 2308 illic
656 2263 741 2308 mors
766 2264 827 2307 non
852 2247 901 2308 ost
924 2243 1016 2319 bona,
1041 2262 1114 2307 cum
1131 2243 1199 2306 illic
1218 2242 1326 2305 nullus

12 2416 14 2443 p
181 2354 318 2434 supersit
349 2353 499 2417 terribilis
532 2352 643 2416 iudicii
676 2354 803 2415 metus?
836 2350 892 2414 aad
920 2352 991 2431 ipsa
1019 2350 1070 2413 hic
1098 2350 1167 2412 uita
1195 2350 1222 2413 si
1245 2349 1328 2412 bona

12 2498 14 2557 p
182 2462 239 2536 ost,
267 2460 383 2542 quibus
412 2460 504 2523 rebus
528 2460 610 2523 bona
634 2462 703 2523 est?
727 2458 847 2523 uirtute
871 2458 981 2539 utique
1006 2461 1038 2520 et
1059 2457 1151 2521 bouis
1174 2455 1326 2519 moribus.

12 2566 13 2573 '
181 2587 240 2632 non
273 2586 348 2649 ergo
381 2566 555 2630 secuudum
588 2566 710 2629 animae
743 2568 775 2629 et
807 2565 945 2646 corporis
979 2564 1125 2646 copulam
1157 2563 1239 2626 boua
1267 2565 1372 2635 estu

137 2699 163 2737 ao
183 2674 236 2737 sad
266 2674 339 2755 quia
366 2692 421 2753 per
449 2673 602 2737 uirtutem
632 2673 716 2756 quod
744 2674 864 2737 malurn
893 2676 943 2735 ost
965 2691 1060 2735 suurn
1082 2670 1218 2751 repellit,
1243 2668 1326 2749 quod

271 2902 286 2953 t
308 2888 372 2953 ¹Sall.
392 2899 455 2953 bell.
474 2900 534 2967 lug.
557 2899 597 2963 14,
616 2901 634 2953 4

217 3034 233 3086 2
261 3033 366 3085 animae
385 3030 436 3089 1Ι’“
455 3032 498 3101 (aa
517 3036 562 3085 ur2
582 3048 614 3085 aa
632 3031 659 3101 a)
681 3032 739 3085 CE‘
830 3033 846 3085 3
872 3032 1009 3084 amittitur
1028 3035 1124 3102 (am2
1141 3032 1154 3083 l
1173 3017 1280 3095 minuit)
1301 3030 1328 3082 A

218 3123 391 3191 augeaturll
469 3122 517 3183 illo
538 3124 565 3185 (v
584 3136 605 3174 ε,
625 3121 645 3187 i)
664 3119 717 3177 alm
736 3120 821 3185 ullum
842 3125 869 3184 (o
887 3136 908 3173 ε.
929 3137 973 3184 pm
993 3120 1094 3185 mMI
1167 3120 1330 3188 Aoperatur

185 3228 215 3265 ea
231 3212 329 3279 serapti
353 3214 480 3280 operatur
503 3215 550 3263 aut
574 3212 617 3277 (ut
634 3226 654 3262 ε.
675 3227 701 3262 aa.
722 3227 755 3265 m.
776 3214 847 3274 aut.)
868 3212 894 3261 A
914 3213 946 3273 (ε.
965 3215 1011 3261 m2
1029 3209 1042 3260 l
1061 3210 1215 3276 operatura)
1235 3224 1328 3276 opera·

184 3306 238 3353 tur*
258 3305 285 3365 (a
304 3305 385 3367 cras.)
400 3298 485 3357 Pata*
505 3303 648 3368 operatura
661 3297 810 3355 1Ι”Ε11“Ὂ
828 3300 955 3367 operatur
968 3296 1034 3349 E‘T
1086 3300 1102 3350 5
1122 3298 1253 3350 societate
1273 3312 1329 3349 cor·

184 3390 254 3457 poris
272 3388 346 3444 aru
428 3389 575 3441 maiorica
594 3389 660 3441 niori
681 3388 707 3440 A
786 3386 882 3440 honeri
899 3367 927 3439 P
945 3387 974 3453 (h
993 3404 1051 3454 exp.
1070 3390 1127 3451 mB)
1147 3387 1179 3441 21⁴
1200 3386 1229 3450 (h
1248 3384 1330 3454 eruo)

185 3478 358 3534 llhouoriA
414 3477 513 3530 omali
528 3481 570 3529 est
586 3477 648 3530 P‘T
699 3476 929 3540 SseruauitA(l
943 3477 1015 3529 uerit
1027 3492 1047 3528 ε.
1064 3475 1106 3527 uit
1118 3477 1175 3541 m2)
1191 3474 1330 3530 PllmOE‘

186 3567 394 3620 seruaueritcet.
467 3568 532 3635 non]
557 3583 605 3619 nec
624 3566 660 3619 E'
705 3567 738 3619 13
767 3570 861 3635 specta
878 3564 993 3621 afflcu‘
1017 3567 1141 3633 exspecta
1159 3564 1186 3615 A
1205 3563 1228 3631 (ε
1248 3568 1328 3629 eras.)

188 3658 295 3724 expecta
314 3660 361 3709 oct.
417 3656 440 3707 si
454 3656 513 3709 uita
527 3672 585 3723 exp.
600 3658 647 3709 m2
656 3656 691 3719 A,
706 3671 727 3707 ε.
742 3672 769 3707 u.
788 3656 819 3716 Τ,
835 3671 885 3709 om.
900 3654 933 3714 a,
948 3654 1006 3706 uita
1020 3653 1058 3705 N‘
1074 3656 1106 3717 (ε.
1120 3670 1147 3705 u.
1162 3670 1189 3705 m
1213 3652 1329 3715 (111111)

220 3745 308 3807 oneris
323 3745 350 3797 A
369 3744 393 3813 (s
407 3744 476 3812 fort.
496 3743 561 3797 aad.
581 3761 614 3797 m.
631 3748 701 3808 aut.)
717 3743 813 3796 lroueri
824 3744 852 3795 P
905 3742 1072 3795 absolutioni
1086 3742 1139 3807 (nis
1152 3758 1173 3794 ε.
1190 3742 1218 3793 rri
1232 3744 1288 3804 m2)
1304 3740 1331 3793 A

188 3832 218 3885 15
236 3834 303 3887 haec
321 3833 422 3901 scripsi
440 3848 472 3885 ea
490 3832 567 3896 liora
587 3832 631 3885 hio
650 3832 851 3885 Muuriuorum
870 3830 954 3884 codem
976 3830 1133 3884 Uaticanus
1187 3836 1234 3883 aut
1253 3830 1293 3883 si.
1306 3871 1330 3883 ..

188 3925 227 3974 est
247 3923 320 3975 bona
338 3921 365 3975 A
388 3922 468 3989 infru
490 3922 521 3975 iu
540 3939 589 3990 περ.
609 3924 664 3986 nra,
682 3922 715 3977 11
738 3920 820 3987 iufra
844 3921 876 3973 iu
894 3937 943 3988 ηερ.
963 3924 1013 3986 ml,
1031 3919 1063 3971 iu
1082 3934 1135 3986 quo
1154 3918 1270 3971 hicnon
1290 3920 1333 3971 est

188 4018 248 4076 (non
270 4014 411 4077 asterus.)
431 4010 503 4063 bona
559 4012 591 4063 16
611 4011 669 4063 uita
686 4010 758 4063 bona
777 4008 851 4065 au‘E
920 4008 977 4062 illic
996 4025 1049 4061 non
1070 4012 1112 4061 est
1129 4007 1201 4060 bona
1219 4024 1290 4059 mors
1309 4006 1334 4059 Τ

220 4116 291 4153 mors
310 4100 368 4153 illio
382 4098 424 4155 11¹¹
481 4100 513 4151 17
534 4099 652 4167 supersit
664 4098 691 4150 A
711 4100 804 4166 (super
823 4098 874 4150 del.
894 4100 951 4164 m2)
971 4096 1054 4164 T(a'u
1072 4111 1125 4163 quo
1143 4096 1234 4149 nullus
1253 4112 1333 4163 super

188 4204 218 4241 eac
235 4190 347 4254 nullius)
367 4189 403 4240 sit
427 4187 483 4241 VN
541 4188 587 4241 hio
606 4188 665 4241 uita
683 4204 734 4240 om.
754 4186 792 4239 N¹
850 4186 882 4239 18
901 4187 995 4253 itaque
1020 4184 1104 4237 VOE‘
1177 4184 1331 4236 uirtute...

188 4277 303 4331 moribus
322 4278 354 4330 a'u
372 4292 428 4331 ras.
448 4276 498 4333 lim
569 4278 601 4329 19
622 4276 696 4345 ergo]
717 4277 787 4328 enim
807 4274 918 4331 &⁴¹¹OE
992 4275 1027 4327 20
1046 4290 1124 4327 suum
1142 4290 1201 4341 cap.
1219 4274 1262 4337 11,
1282 4289 1332 4325 out.

187 4366 259 4422 tua
328 4366 438 4436 repellit
457 4366 481 4431 (l
500 4382 515 4418 a
534 4368 582 4418 m2
598 4380 619 4418 ε.
640 4365 659 4429 i)
680 4365 706 4418 A
725 4364 842 4433 repellat
860 4365 880 4433 (1
898 4380 919 4416 ε.
940 4367 965 4430 a)
989 4364 1014 4417 Τ
