3175 5017
227 424 304 487 VIH
690 424 909 480 Praefatio.

228 617 387 681 ablutione
422 621 594 683 renouata‘.
632 618 753 700 primus
792 619 893 703 igitur
934 625 966 684 11
1007 623 1087 685 alter
1128 642 1230 688 sermo
1273 626 1376 707 primo

227 725 295 789 eius
320 724 526 789 hebdomadis
552 724 601 789 die
624 725 749 790 recitati
774 730 858 804 sunt,
882 746 984 791 nonus
1005 728 1055 792 die
1075 733 1164 794 serto
1184 734 1257 795 ante
1276 732 1377 796 dorni-

227 830 340 895 nicam.

272 937 430 1002 Libellum
455 938 499 1001 de
523 937 714 1019 paradiso
734 938 924 1004 Ambrosius
948 941 979 1004 in
1004 942 1143 1024 epistula
1165 943 1205 1007 ad
1223 944 1376 1011 Sabinum

227 1044 325 1108 missa
353 1041 419 1130 (45,
451 1042 483 1129 1)
513 1064 546 1109 se
573 1044 637 1109 iam
666 1045 786 1110 dudum
816 1046 984 1129 scripsisse
1016 1049 1157 1114 nondum
1189 1053 1376 1117 ueteranum

228 1151 423 1215 sacerdotem
453 1151 607 1216 adfirmat.
642 1152 757 1233 quibus
785 1152 818 1216 in
847 1153 954 1217 uerbis
982 1154 1055 1218 ‘iam
1083 1155 1215 1220 dudnm‘
1242 1158 1379 1223 refertur

228 1258 267 1321 ad
303 1262 442 1340 tempus,
481 1258 564 1339 quod
601 1258 684 1322 inter
719 1258 817 1324 huius
854 1260 926 1323 libri
965 1264 998 1324 et
1028 1262 1172 1327 Exameri
1205 1264 1378 1330 editionem

228 1366 417 1434 intercessit.
451 1366 548 1431 simul
581 1367 750 1431 edocemur
781 1368 936 1445 libellum,
970 1388 1043 1433 cum
1076 1371 1114 1434 ab
1143 1371 1310 1437 Ambrosio
1343 1373 1376 1437 in

226 1472 391 1555 publicum
421 1463 530 1537 datum
560 1476 655 1549 esset,
686 1492 747 1538 non
777 1474 814 1537 ad
844 1474 1017 1539 multorum
1041 1477 1209 1541 hominum·
1229 1477 1376 1543 notitiam

227 1580 421 1661 peruenisse.
456 1582 539 1643 11111
568 1580 705 1645 Sabinus
735 1600 770 1644 er
805 1582 943 1663 epistula
975 1583 1102 1647 demum
1134 1584 1191 1648 illa
1223 1586 1378 1667 comperit

227 1686 431 1750 Ambrosium
465 1705 534 1751 eam
566 1706 631 1750 rern
662 1687 743 1751 libro
777 1687 931 1770 singulari
961 1677 1188 1755 illustrauisse.
1221 1692 1376 1774 scriptum

228 1796 333 1857 autern
362 1813 433 1857 esse
461 1793 546 1859 hunc
575 1793 721 1858 libellum
749 1798 821 1859 ante
851 1797 1041 1878 opusculum
1069 1797 1107 1860 de
1132 1796 1208 1861 Cain
1242 1800 1273 1861 et
1296 1798 1376 1861 Abel

228 1900 390 1983 colligitur·
418 1919 454 1964 ex
481 1900 527 1965 eis
558 1919 637 1982 qnae
665 1900 697 1965 in
725 1901 822 1965 huius
852 1904 1000 1984 opusculi
1027 1902 1188 1985 prooemio
1210 1904 1374 1987 leguntur:

228 2006 277 2069 ‘de
304 2006 449 2089 paradiso
478 2007 510 2070 in
540 2007 757 2090 superioribus
785 2028 842 2091 pro
876 2012 970 2090 captu
1003 2013 1111 2074 nostro
1143 2012 1181 2074 ut
1210 2011 1375 2092 potuimus

229 2112 313 2193 quod
337 2113 483 2177 dominus
507 2112 633 2189 infudit,
659 2126 772 2179 sensus
797 2115 921 2180 inuenit
943 2116 1157 2199 digessimus.
1182 2116 1374 2195 meminus,

230 2237 302 2283 oum
321 2218 509 2284 Ambrosius
533 2214 565 2284 in
589 2220 663 2284 libri
688 2222 819 2285 alterius
843 2222 882 2286 de
900 2223 1059 2287 Abrabam
1084 2223 1207 2287 exordio
1232 2224 1307 2300 564,
1333 2223 1376 2287 14

228 2344 286 2391 nos
311 2326 349 2390 ad
373 2346 409 2391 ea
432 2329 561 2393 reuocet
585 2346 664 2409 qnae
687 2332 719 2393 in
742 2329 843 2393 libelli
867 2328 906 2392 de
929 2330 1074 2412 paradiso
1100 2330 1239 2395 sectione
1266 2332 1376 2393 1111-

228 2431 334 2512 posita
357 2435 443 2511 sunt,
468 2434 664 2515 exploratum
689 2437 737 2497 est
761 2433 844 2498 hunc
867 2435 960 2499 illum
983 2440 1125 2519 tempore
1151 2436 1373 2519 praecessisse.

226 2537 292 2614 iam
317 2538 344 2602 si
368 2559 404 2603 ea
428 2530 561 2621 quaein
585 2540 747 2622 prooemio
771 2540 843 2604 libri
873 2542 911 2606 de
941 2541 1034 2607 Cain
1065 2546 1104 2606 et
1130 2543 1230 2607 Abel
1257 2544 1375 2626 scripta

230 2647 305 2709 sunt
327 2646 525 2728 inspicimus,
546 2648 634 2730 patet
651 2647 858 2711 Ambrosium
876 2648 986 2713 libello
1006 2649 1045 2711 de
1062 2650 1208 2731 paradiso
1227 2650 1375 2714 absoluto

229 2751 378 2817 continuo
408 2772 480 2817 eum
510 2771 571 2834 quo
597 2753 634 2816 de
658 2752 809 2817 fratribus
832 2753 899 2817 illis
923 2754 1060 2837 geminis
1084 2757 1284 2837 expositurus
1308 2759 1375 2820 1111

224 2858 415 2941 Ι1111111111]
444 2878 525 2926 1111.
560 2860 656 2924 simul
684 2880 720 2924 ex
748 2860 794 2925 eis
824 2880 904 2943 qnae
928 2862 960 2925 in
983 2862 1064 2927 libro
1081 2863 1127 2927 ,de
1150 2864 1374 2929 incarnationis

119 2988 120 2991 ¹
228 2965 402 3031 dominicae
426 2970 621 3031 sacramento
647 2966 738 3053 (sect.
764 2967 799 3052 2)
822 2967 986 3051 leguntur:
1009 2970 1128 3051 ‘itaque
1152 2970 1192 3033 ad
1214 2971 1295 3034 istos
1320 2970 1375 3051 qui

227 3073 384 3153 propositi
416 3076 490 3137 suut
524 3074 729 3139 deflectamus
763 3074 939 3159 agricolas,
976 3076 1092 3157 quibus
1126 3077 1202 3143 Cain
1236 3080 1268 3140 et
1294 3077 1375 3141 111111

224 3178 453 3261 significantur,
491 3181 570 3245 bene
608 3182 812 3245 coniecerunt
846 3182 985 3245 Maurini
1022 3201 1095 3246 eum
1132 3202 1194 3266 quo
1231 3185 1374 3264 ternpore

222 3285 311 3349 ¹huno
343 3286 460 3350 librum
493 3288 740 3351 elaborabat-
765 3287 825 3352 hoc
859 3291 908 3353 111
939 3289 1023 3353 intra
1054 3309 1151 3355 annos
1180 3289 1374 3355 OOCLXXX

228 3394 260 3455 et
292 3391 533 3457 CCCLXXXHI
556 3430 600 3439 -
624 3394 815 3475 opusculum
845 3395 927 3459 illud
958 3396 990 3460 in
1029 3397 1175 3461 manibus
1212 3396 1373 3461 habuisse.

228 3499 362 3581 denique
394 3499 479 3565 idem
512 3500 805 3565 animaduerterunt
836 3502 882 3567 eis
910 3522 990 3585 quae
1019 3506 1125 3567 extant
1151 3504 1183 3567 in
1202 3503 1312 3568 ‚libelli
1335 3502 1373 3566 de

228 3606 501 3673 benedictionibus
516 3609 763 3691 patriarcharum
784 3610 923 3675 sectione
943 3612 984 3673 55
1003 3612 1106 3675 ‘omne
1125 3612 1209 3674 enim
1228 3613 1374 3675 sanctum

227 3714 485 3798 primogenitum,
520 3715 604 3781 sicut
636 3715 713 3780 alibi
745 3716 1045 3781 demonstrauimus
1076 3716 1192 3800 respici
1224 3735 1303 3799 quae
1340 3715 1373 3778 in

223 3821 300 3890 libri
331 3822 461 3887 alterius
495 3822 532 3887 de
566 3822 642 3887 Cain
676 3826 708 3887 et
734 3822 815 3886 'Abel
853 3823 1048 3889 sectionibus
1078 3826 1107 3888 7.
1138 3826 1168 3888 8.
1200 3825 1241 3887 13
1265 3822 1373 3906 dispu-

228 3931 295 3993 tata
318 3933 402 3995 sunt.

273 4035 470 4118 Opusoulum
495 4038 532 4102 de
555 4037 585 4101 N
594 4057 636 4103 oe
661 4057 694 4103 11
719 4038 937 4119 composuisse
955 4038 1143 4104 Ambrosius
1167 4040 1305 4102 testatus
1323 4039 1374 4100 est

229 4162 264 4207 ea
289 4147 401 4223 aetate,
426 4162 488 4225 qua
511 4144 655 4208 maximis
680 4144 944 4227 grauissimisqne
965 4143 1233 4208 sollicitudinibus
1252 4161 1373 4225 preme-

226 4251 328 4324 bacun
363 4270 425 4333 qua
453 4251 491 4315 de
519 4270 552 4315 re
580 4252 612 4315 in
642 4251 767 4316 exordio
791 4250 869 4316 haec
893 4252 985 4315 dixit:
1015 4252 1157 4334 ‘dignum
1181 4253 1290 4314 estut
1313 4269 1372 4315 nos

229 4376 353 4442 quoquo
382 4377 454 4422 eum
481 4355 576 4441 (Noe)
606 4358 823 4423 describamus
851 4357 890 4421 ad
921 4358 1133 4423 imitationem
1166 4357 1307 4422 omnium
1340 4361 1373 4421 11
