3175 5017
375 449 417 504 De
435 449 572 504 Abraham
591 450 659 515 118,
674 449 716 505 51.
736 450 772 505 52
791 449 816 517 (l
834 451 887 505 334
902 449 1069 517 0-33513).
1231 452 1294 516 605

152 645 259 708 auditu
293 645 412 728 pariter
448 649 481 710 et
514 649 603 710 tactu
640 649 810 709 mouentur
847 646 1009 723 uelociter,
1046 646 1163 728 quibua
1201 645 1296 710 etiam

151 751 270 816 animae
301 752 469 816 inflectunt
500 754 709 818 constantiam
738 756 770 818 et
797 755 889 818 uelut
912 773 929 818 a
952 758 1063 818 natura
1086 754 1138 818 sui
1161 753 1299 818 alienant

152 877 228 923 earn.
267 859 352 923 unde
391 864 424 922 et
457 859 599 942 plerique
632 857 773 944 ἀφορμήν
806 859 923 924 dictam
954 862 1078 943 putant,
1111 860 1186 942 quia
1217 857 1296 946 ὁρμή

151 965 291 1046 impetus
316 965 442 1043 dicitur,
468 985 504 1031 ec
530 965 614 1048 quod
638 985 674 1030 en
698 964 835 1047 quodam
859 966 981 1048 impetu
1005 983 1155 1030 sensuum
1182 964 1299 1029 inflexi-

125 1072 219 1136 eonis
243 1073 341 1154 atque
364 1071 563 1136 alienationis
587 1075 711 1136 nostrae
736 1091 833 1137 causa
855 1074 1013 1136 nascatur.
1043 1072 1170 1136 feminei
1193 1075 1299 1136 autem

152 1197 244 1242 senua
270 1178 410 1260 speciem
434 1179 529 1244 habet
552 1182 590 1242 ut
608 1179 704 1244 etiarn
724 1197 838 1244 sensus
857 1178 972 1254 nostri3
997 1198 1068 1242 narn
1094 1183 1127 1243 et
1143 1175 1300 1261 αἰσθήσεις

152 1304 265 1368 graece
281 1284 431 1350 dicuntur
448 1285 583 1350 femineo
606 1286 775 1350 uocabulo.
801 1285 966 1349 effetarum
988 1284 1082 1350 modo
1107 1285 1298 1349 animantum

152 1390 214 1455 cito
243 1393 432 1469 uacuantur,
460 1391 515 1455 nbi
543 1395 653 1474 partus
683 1411 759 1456 suae
782 1390 994 1476 generationis
1019 1389 1301 1470 delectationisque

153 1497 332 1574 effuderint,
356 1498 526 1563 etiterum
550 1498 693 1562 excitatis
717 1497 947 1580 cupiditatibus
969 1516 1070 1562 nouos
1088 1496 1227 1561 referunt
1244 1496 1399 1563 im·335A

81 1603 141 1666 5210
153 1608 260 1686 petua.
285 1605 316 1668 in
339 1605 437 1668 ariete
460 1623 536 1669 uero
559 1605 650 1669 uerbi
673 1623 710 1669 ac
733 1604 888 1670 sermonis
912 1603 1012 1668 nostri
1035 1603 1170 1667 babetur
1192 1601 1302 1666 simili·

153 1710 243 1786 tudo,
269 1711 353 1791 quod
376 1710 420 1775 sit
441 1710 625 1782 uehemens,
643 1711 729 1776 sieut
751 1714 783 1775 et
807 1728 909 1775 senno
933 1713 1041 1774 noster
1064 1709 1173 1773 efficax
1196 1726 1302 1790 opera·

154 1817 252 1881 tionis
269 1821 302 1881 et
320 1815 474 1899 quaedam
494 1820 623 1882 ornatus
643 1817 743 1881 nostri
758 1820 789 1880 et
803 1815 954 1900 tegminis
971 1834 1068 1880 eausa
1081 1815 1132 1881 sit.
1153 1815 1233 1879 aries
1248 1833 1304 1897 per

156 1942 252 1987 usum
284 1923 425 1987 uestium
457 1923 565 1988 ordine
601 1921 738 2006 quodam
775 1943 904 2008 gregem
942 1925 1071 2001 ducens,
1108 1922 1193 1988 siout
1229 1920 1303 1986 crdo

156 2029 284 2111 quidam
309 2029 397 2093 uitae
420 2048 563 2112 ususque
586 2030 685 2094 nostri
709 2030 806 2094 uerbo
830 2031 1012 2112 explicatur.
1043 2029 1175 2094 arbitror
1197 2029 1303 2091 autern

118 2136 241 2218 equod
272 2135 355 2199 illud
387 2136 522 2200 uerbum
554 2137 657 2222 magis
692 2135 878 2221 intellegere
916 2137 1098 2215 debeamus,
1135 2134 1218 2218 quod
1256 2136 1306 2197 est

155 2243 291 2307 uerbum
324 2243 385 2318 dei,
417 2262 491 2307 curn
523 2262 585 2325 quo
619 2244 699 2309 aries
726 2244 787 2308 iste
816 2244 929 2308 habere
952 2244 1099 2308 uideatur
1121 2261 1182 2306 non
1206 2239 1305 2304 medi-

158 2368 263 2414 ccrem
301 2349 532 2434 cognationem,
571 2350 656 2433 quod
691 2352 824 2415 uerbum
864 2368 921 2415 nos
959 2369 1034 2415 uero
1071 2348 1210 2433 tegmine
1253 2345 1353 2414 suiB

157 2453 294 2519 uestiuit
315 2455 445 2519 uelleria
469 2460 501 2520 et
523 2456 555 2520 in
579 2456 672 2522 domo
695 2457 870 2522 introducit
893 2460 1037 2522 aeternae
1062 2455 1175 2520 salutis
1196 2455 1250 2535 qui
1269 2471 1303 2516 se

157 2581 212 2644 pro
246 2560 339 2625 nobie
371 2562 602 2628 immolandum
641 2564 768 2641 obtulit,
806 2565 861 2645 qui
896 2567 1094 2646 tamquam
1133 2561 1222 2627 onia
1260 2560 1305 2624 ad

118 2667 373 2734 ronictimam
397 2670 545 2734 ductus
564 2673 627 2734 est
647 2673 686 2735 et
704 2670 815 2734 sieut
834 2671 940 2734 aries
961 2689 1091 2735 eoram
1108 2668 1305 2733 tondente

161 2774 245 2840 sine
268 2794 369 2840 uoce
393 2776 452 2840 sic
480 2793 554 2839 non
588 2776 748 2858 aperuit
781 2795 823 2840 os
857 2795 982 2841 suurn.
1015 2795 1051 2841 ex
1079 2794 1141 2858 quc
1166 2774 1306 2839 ordinem

161 2881 319 2963 quendam
351 2882 548 2946 substantiae
580 2882 735 2946 babemus
768 2885 801 2947 et
828 2901 936 2946 sacrae
963 2880 1199 2965 redemptionis,
1223 2879 1306 2962 quod

252 3117 285 3171 19
304 3116 377 3171 Eaai.
397 3118 440 3179 53,
461 3119 475 3170 7

196 3260 212 3313 3
232 3255 354 3329 ἀφορμήν
373 3257 507 3311 Mauricae?
525 3256 706 3327 Anonnlpn
724 3258 758 3322 P,
778 3259 873 3312 eodem
890 3260 947 3328 sere
965 3265 1012 3312 cet.
1085 3256 1152 3329 ὁρμή
1172 3257 1309 3310 Erasmus

164 3345 264 3416 OPAIJ
283 3347 349 3400 liber
402 3349 469 3401 dut
488 3346 531 3411 (io
547 3352 617 3413 rae.)
632 3347 715 3401 etiarn
729 3348 792 3402 DN
861 3349 1057 3402 sensuinoatro
1072 3346 1099 3398 B
1114 3363 1208 3400 sensus
1222 3347 1309 3400 nostri

165 3437 261 3502 (nostri
278 3453 310 3489 ιη
327 3452 383 3489 raa.
403 3436 518 3490 maioris
535 3437 631 3504 aporii)
652 3436 682 3489 D
757 3453 821 3489 narn
840 3440 868 3491 et
886 3434 1025 3506 αἰσθήσεις
1042 3435 1142 3504 scopae·
1160 3433 1309 3512 (αἰσθήσεις

164 3526 219 3578 icor
236 3525 376 3578 Erasmus
392 3525 523 3595 restituit)
542 3541 603 3577 narn
619 3529 647 3578 et
661 3525 771 3580 esttesie
789 3526 822 3578 T‘
838 3529 911 3589 (narn
926 3528 954 3578 et
969 3541 982 3577 e
997 3528 1045 3577 m2
1058 3525 1089 3577 tn
1101 3524 1194 3592 apertio
1207 3521 1309 3590 uacuo)

164 3618 256 3668 manet
280 3612 377 3668 eatesis
395 3613 448 3666 PC
468 3616 546 3682 patet
565 3614 661 3668 asteria
681 3616 706 3667 B
726 3615 825 3668 extasis
844 3613 874 3668 D
892 3614 965 3684 (enta
983 3615 1014 3666 to
1031 3615 1099 3680 raa)
1119 3612 1149 3666 N
1168 3611 1257 3664 efferis
1275 3609 1313 3662 M

167 3739 181 3791 7
195 3687 372 3801 animaid‘cum
381 3737 409 3790 P
421 3739 569 3792 animatum
588 3739 620 3792 P
635 3740 677 3803 (ior
689 3756 740 3808 mp.
755 3739 769 3791 l
782 3739 961 3802 animantum)
975 3737 1005 3790 D
1018 3737 1195 3790 animantium
1211 3735 1310 3800 (otium

166 3827 196 3881 io
213 3831 281 3896 roa.)
301 3826 334 3881 N
420 3827 595 3896 tlexcitattia
615 3831 639 3894 (a
657 3845 717 3896 exp.
736 3832 794 3893 m2)
813 3827 841 3880 P
945 3843 1050 3880 nonnos
1068 3827 1097 3896 (n
1116 3825 1165 3879 alt.
1185 3829 1266 3888 eros.)
1285 3825 1313 3878 P

169 3918 198 3971 ll
227 3918 265 3971 ait
283 3917 323 3971 sic
341 3917 372 3971 D
389 3919 414 3986 (e
432 3933 453 3971 a.
472 3921 512 3984 a.)
531 3918 568 3981 N,
588 3933 639 3972 om.
662 3917 721 3972 GM
810 3917 843 3970 12
872 3915 1003 3986 quaedam
1022 3913 1171 3969 Pm1T¹B
1195 3914 1311 3983 quadam

168 4007 246 4060 Poe
265 4012 313 4060 eet.
389 4007 421 4059 16
441 4021 492 4074 qvo
512 4009 556 4072 (vo
575 4020 597 4062 e.
615 4010 654 4071 o.)
674 4005 702 4057 P
755 4006 788 4058 l'l
808 4001 1130 4074 cognitionemDNCM
1200 4019 1263 4056 uere
1282 4003 1311 4056 D

168 4095 193 4163 (a
207 4096 254 4149 alt.
275 4111 309 4148 ex
327 4095 354 4160 o)
372 4093 407 4146 N
456 4094 578 4163 tegmine
598 4098 624 4156 (e
643 4094 693 4147 alt.
713 4111 747 4148 ae
763 4094 798 4160 ia)
821 4094 845 4145 T
844 4094 851 4120 ¹
905 4093 947 4147 sui
968 4092 1077 4146 uelleris
1096 4093 1212 4145 uestiuit
1224 4092 1312 4146 DNB

171 4185 201 4238 la
217 4182 328 4237 uelleria
348 4182 370 4248 (i
388 4198 421 4236 ex
439 4185 465 4248 e)
484 4183 512 4235 P
591 4182 700 4237 domum
719 4183 759 4236 ed.
779 4183 872 4238 Paria.
893 4199 920 4235 a.
940 4183 1019 4235 1569
1100 4181 1251 4234 introduxit
1270 4181 1310 4234 ed.

171 4271 261 4327 Goion.
339 4271 372 4324 la
400 4269 494 4325 obtilit
512 4273 540 4340 (v
557 4288 579 4325 a.
599 4272 669 4340 ipr.
688 4275 745 4338 m2)
765 4272 794 4324 P
864 4271 898 4325 20
926 4269 1058 4324 tondente
1076 4270 1104 4339 (c
1123 4287 1157 4323 eac
1175 4288 1191 4323 u
1210 4273 1267 4336 m2)
1287 4270 1316 4322 P

169 4362 197 4415 21
218 4378 245 4415 ae
265 4361 325 4414 sine
344 4357 469 4413 DNGM
546 4360 671 4428 apperuit
689 4358 741 4412 Po
812 4360 847 4412 22
866 4362 893 4413 et
912 4375 932 4414 a.
952 4375 980 4411 aa.
1000 4358 1028 4410 P
1101 4358 1268 4411 redentionia
1287 4358 1315 4411 P
