3175 5017
287 429 358 493 LVI
752 427 972 482 Praelatio.

288 622 459 706 potuerint.
484 624 555 687 libri
580 622 608 687 A
633 626 665 688 et
686 623 712 686 P
735 623 887 688 mendose
912 623 1024 706 scripti
1047 626 1123 688 siant
1147 614 1243 706 01000
1265 624 1297 688 in
1325 623 1438 706 primis

288 730 412 794 lacunis
445 730 625 804 deformati;
659 750 731 796 uam
759 734 798 794 01
823 730 944 796 leuiora
972 730 1137 813 quaedam,
1169 731 1272 795 001011
1304 731 1439 795 0000100

290 836 463 917 010010,
488 836 702 919 essesaepios
732 838 868 903 omissas
900 836 1027 902 silentio
1059 837 1282 921 transgrediar,
1315 840 1441 920 praeter

291 962 327 1007 ea
351 962 430 1026 quae
454 963 550 1027 supra
573 944 796 1009 adnotauimus
819 945 851 1008 in
874 946 928 1009 AP
952 945 1068 1010 desunt
1092 947 1166 1023 299,
1187 946 1229 1007 20
1248 944 1438 1025 caprorum,

291 1052 367 1127 300,
397 1052 436 1113 15
465 1052 536 1113 ailo
567 1052 648 1114 mori
675 1052 815 1136 (addidit
837 1051 868 1115 in
893 1052 918 1115 P
941 1054 1007 1128 m2,
1032 1051 1088 1116 sed
1110 1052 1181 1116 loco
1204 1048 1337 1136 inepto),
1361 1051 1437 1137 304,

291 1158 332 1221 22
357 1158 441 1237 quio,
464 1158 496 1221 in
518 1157 574 1222 PV
598 1157 641 1242 (in
666 1176 703 1222 ea
725 1161 814 1240 parte
839 1176 918 1240 quae
941 1158 974 1221 in
992 1160 1020 1221 A
1038 1177 1100 1222 non
1123 1158 1265 1242 legitur),
1290 1158 1366 1232 282,
1398 1158 1439 1219 12

283 1263 428 1344 perfecti,
461 1266 536 1340 285,
571 1268 590 1329 5
623 1284 696 1345 000,
731 1267 806 1340 290,
836 1267 855 1329 5
883 1263 994 1343 medio,
1028 1265 1162 1346 denique
1196 1264 1280 1348 quod
1309 1264 1439 1327 maioris

290 1372 442 1436 momenti
470 1376 519 1436 est
547 1374 623 1449 288,
654 1373 671 1436 7
698 1390 744 1454 sq.
769 1373 910 1456 001000
934 1372 1146 1451 ...parando
1170 1370 1439 1436 01100οΑ0000.

290 1478 319 1541 si
350 1498 412 1541 non
438 1479 606 1558 paruulos.
638 1478 713 1543 libri
739 1478 769 1543 N
797 1482 904 1543 autem
933 1478 994 1543 etsi
1021 1480 1114 1562 longe
1138 1478 1257 1543 minore
1281 1477 1441 1542 eiusmodi

290 1585 473 1649 lacunarum
503 1604 633 1650 numero
663 1586 780 1651 adfecti
808 1589 913 1650 tamen
941 1586 1002 1650 fide
1032 1588 1135 1651 multo
1166 1585 1330 1649 inferiores
1364 1587 1442 1648 sunt

290 1691 410 1756 familia
434 1694 532 1756 altera
554 1694 665 1774 utpote
690 1692 879 1776 corruptelis
904 1697 936 1757 et
959 1694 1043 1776 quod
1066 1692 1157 1776 peius
1187 1696 1236 1757 est
1262 1690 1440 1756 temerariis

291 1798 538 1863 correctionibus
572 1800 604 1862 et
635 1798 934 1881 interpolationibus
966 1799 1133 1881 inquinati.
1166 1798 1268 1862 ueluti
1296 1800 1371 1875 314,
1397 1800 1437 1862 21

290 1906 321 1969 10
341 1902 370 1966 Π
389 1908 474 1970 recta
503 1905 621 1989 legitur
649 1912 678 1969 el
707 1906 763 1985 uit,
788 1905 820 1970 in
844 1905 1055 1983 Nathabres,
1079 1906 1156 1983 307,
1183 1907 1223 1968 15
1246 1905 1440 1969 inlliomr'-

290 2012 341 2090 sit,
368 2011 400 2075 iu
427 2012 458 2076 N
484 2012 607 2075 iarnisil
635 2012 722 2079 dece.
751 2032 943 2095 quamquam
967 2032 1029 2077 non
1052 2030 1132 2095 nego
1155 2012 1439 2076 interdum'bonas

291 2119 329 2181 ab
367 2122 412 2183 eis
451 2118 623 2201 scripturas
662 2119 765 2184 offerri
802 2121 856 2184 uel
895 2119 978 2202 quod
1014 2120 1116 2184 multo
1154 2119 1352 2202 frequentius
1392 2121 1441 2183 est

292 2225 489 2289 coniecturas
523 2246 541 2289 a
573 2226 710 2290 librariis
743 2225 911 2308 profectas.
949 2226 1120 2291 uerbomm
1153 2230 1260 2290 autern
1298 2225 1438 2289 ordinem

291 2350 351 2396 non
375 2333 487 2415 paucis
510 2333 591 2397 locis
615 2332 820 2397 immutatum
845 2352 925 2411 esse,
949 2333 981 2396 in
1006 2333 1121 2414 quibus
1150 2335 1236 2397 certa
1263 2332 1440 2415 grassantis

290 2438 490 2503 librariorum
521 2439 669 2503 licentiae
702 2439 841 2522 uestigia
871 2439 1079 2520 reperiuntur,
1111 2458 1203 2503 nemo
1236 2442 1314 2521 puto
1347 2438 1440 2502 mira-

270 2545 387 2625 bitur.
420 2564 520 2627 neque
548 2565 623 2610 uero
651 2544 764 2609 borum
793 2545 938 2609 codicum
966 2546 1110 2610 omnium
1137 2546 1247 2610 eadem
1269 2545 1350 2609 ratio
1375 2550 1438 2621 est;

292 2671 362 2715 nam
391 2651 476 2715 haud
503 2670 572 2715 raro
598 2652 791 2716 dissentiunt
815 2655 846 2715 et
868 2653 922 2716 uel
945 2652 966 2715 ii
992 2652 1047 2735 qui
1070 2653 1182 2716 intimo
1206 2652 1334 2717 uinculo
1358 2653 1440 2716 inter

293 2777 327 2822 se
369 2758 529 2823 coniuncti
566 2760 641 2823 sunt
678 2759 768 2823 uelut
809 2757 867 2823 MS
911 2758 1032 2841 passim
1066 2759 1150 2823 inter
1186 2778 1220 2823 se
1259 2758 1437 2824 discedunt.

293 2864 574 2928 animaduertimus
612 2868 718 2929 tamen
748 2864 777 2929 R
801 2864 928 2946 saepius
953 2883 1025 2929 cnm
1048 2865 1076 2928 A
1104 2866 1218 2942 facere,
1247 2864 1281 2929 M
1308 2864 1440 2947 propius

293 2972 331 3037 ad
359 2972 385 3035 P
414 2990 448 3036 se
477 2970 645 3053 adplicare.
680 2991 759 3053 0000
788 2991 861 3036 curn
888 2972 934 3036 ita
963 2972 1035 3048 sint,
1064 2974 1127 3035 iam
1160 2972 1357 3053 exploratum
1390 2979 1440 3035 est

292 3077 483 3144 recensionis
515 3078 757 3143 fundamentum
790 3078 823 3143 in
851 3079 906 3142 ΑΡ
934 3080 1076 3159 positum
1100 3098 1181 3154 esse,
1205 3079 1251 3141 ita
1273 3082 1379 3143 tamen
1403 3080 1442 3143 ut

293 3186 424 3250 alterius
457 3185 594 3249 familiae
626 3186 699 3249 libri
732 3204 857 3266 semper
887 3186 920 3249 in
952 3205 1079 3251 examen
1110 3189 1274 3251 nocentur.
1309 3186 1337 3249 si
1363 3205 1440 3250 uero

293 3310 424 3374 quaeras
449 3296 519 3355 uter
541 3292 580 3356 iis
604 3292 683 3356 loris
709 3292 825 3374 quibus
849 3293 932 3357 inter·
955 3312 990 3357 se
1013 3294 1193 3375 discrepant
1215 3292 1440 3376 praeferendus

294 3400 345 3476 sit,
374 3399 404 3462 in
433 3398 493 3462 hoe
520 3399 640 3476 libello,
666 3400 758 3464 cuius
781 3400 813 3463 in
838 3404 926 3482 parte
949 3420 1010 3463 non
1035 3400 1148 3484 exigua
1172 3399 1291 3465 codicis
1314 3400 1342 3463 A
1366 3399 1440 3463 sub·

293 3507 372 3572 sidio
407 3506 554 3570 destituti
585 3525 709 3583 sumus,
737 3511 891 3572 nontam
918 3505 1012 3571 facile
1041 3526 1134 3588 quam
1162 3507 1194 3570 in
1224 3506 1336 3571 ceteris
1361 3524 1441 3587 quae

292 3614 324 3677 in
343 3614 397 3677 ΑΡ
416 3614 566 3702 leguntur
590 3613 815 3693 scriptionibus
839 3614 995 3678 iudicium
1014 3614 1082 3677 erit.
1108 3613 1165 3678 sed
1183 3633 1256 3677 eom
1275 3613 1442 3678 euineatur

292 3739 325 3783 re
344 3738 419 3783 uera
437 3718 469 3781 in
488 3720 553 3783 illis
576 3719 726 3784 maiorem
745 3720 820 3784 libri
837 3721 864 3785 A
883 3721 1107 3786 auctoritatem
1125 3719 1282 3802 iidemque
1302 3738 1383 3798 esse,
1404 3717 1441 3782 de

292 3827 352 3891 hoe
372 3845 497 3908 quoque
522 3828 676 3907 opusculo
695 3826 780 3891 idem
801 3827 1006 3893 statuendum
1025 3831 1084 3906 est,
1105 3828 1189 3909 quod
1208 3826 1345 3911 egregiis
1365 3844 1441 3909 quo·

294 3952 354 4014 000
375 3931 563 4014 quibusdam
583 3932 774 3998 lectionibus
796 3953 875 4016 quae
890 3934 921 3998 in
936 3934 964 3998 A
980 3939 1085 3999 entant
1103 3934 1324 4018 conprobatur,
1338 3932 1442 3997 ueluti
1534 4005 1545 4017 ¹

294 4040 369 4115 302,
409 4040 424 4101 1
465 4038 617 4102 contineri
652 4039 680 4102 A
717 4041 834 4104 0001001
870 4041 906 4119 Ρ,
944 4042 1019 4118 322,
1061 4042 1101 4104 19
1139 4040 1249 4104 uxorio
1286 4039 1314 4103 A
1348 4040 1442 4105 uxori

293 4143 417 4228 (acoris
440 4145 508 4231 m2)
532 4146 568 4209 P.

336 4252 382 4315 Er
409 4251 488 4315 locis
517 4252 673 4333 corruptis
702 4272 800 4316 unum
829 4257 968 4337 tangam,
996 4253 1029 4317 in
1053 4272 1114 4337 000
1138 4253 1277 4318 0000000
1300 4253 1441 4317 multum
1574 4251 1575 4254 ’

291 4358 431 4423 laborem
459 4357 577 4421 frustra
606 4359 799 4442 consumpsi,
829 4379 865 4423 ea
893 4360 963 4425 dico
993 4380 1073 4443 quae
1100 4360 1191 4425 initio
1222 4360 1374 4425 sectionis
1399 4362 1442 4423 29
