3175 5017
644 440 863 494 Praefatio.
1212 444 1329 509 LXVII

179 636 368 701 lectionibus
398 640 454 700 aut
483 655 518 699 en
546 636 573 699 D
602 636 673 719 ipso
702 639 758 701 aut
786 656 823 701 01
851 636 959 702 001100
987 637 1056 701 eius
1082 637 1206 722 generis
1230 637 1328 702 illatis

178 744 257 808 hanc
290 762 372 825 quae
401 762 483 808 nunc
511 744 543 807 in
572 742 596 807 O
627 747 658 807 et
684 742 719 807 M
749 743 945 825 conspicitur
973 744 1125 809 orationis
1155 744 1328 809 conforma-

177 850 296 914 tionem
320 850 475 915 extitisse.
500 855 595 932 atque
619 850 729 914 eadem
750 850 815 914 fere
834 849 874 914 de
893 851 920 914 B
940 850 1043 914 dicere
1062 850 1148 928 licet,
1168 850 1233 933 qui,
1254 871 1327 917 cum

177 956 268 1021 modo
298 956 339 1021 ad
361 957 398 1034 P,
422 956 518 1022 modo
547 957 586 1021 ad
609 957 635 1020 Τ
659 960 691 1021 01
714 957 742 1021 D
767 957 906 1035 accedat,
932 976 967 1021 er
990 957 1072 1022 libro
1096 958 1194 1023 uariis
1222 959 1326 1024 modis

176 1065 345 1128 retractato
369 1064 533 1147 profectus
558 1068 618 1131 est.

216 1170 357 1235 Maurini
388 1174 514 1252 praeter
540 1170 576 1249 P,
606 1190 668 1253 quo
701 1190 764 1236 non
792 1190 829 1234 ea
860 1189 923 1253 qua
945 1170 1080 1235 decebat
1103 1170 1269 1254 diligentia
1292 1172 1324 1237 iu

174 1277 231 1340 hoo
259 1280 398 1343 tractatu
427 1277 620 1342 emendando
649 1277 699 1341 usi
728 1282 814 1355 suut,
843 1280 876 1342 et
861 1277 965 1342 tCM
992 1276 1204 1342 adhibuerunt
1190 1279 1325 1344 1110111-

175 1384 357 1460 clarensem,
382 1402 477 1465 quem
500 1383 576 1447 a'l
602 1382 765 1447 diuersum
788 1383 890 1448 fuisse
913 1403 956 1466 pu
957 1384 1089 1448 tandum
1118 1403 1152 1447 es
1154 1385 1211 1470 t¹,)
1237 1385 1311 1450 Uati
1301 1405 1324 1449 r-

174 1508 266 1555 oanos
292 1489 372 1554 duos
396 1489 483 1573 (Uet.
507 1490 598 1577 bybl.
618 1490 691 1555 Uat
716 1491 928 1555 01112690
950 1490 1026 1557 Urb.
1046 1491 1100 1569 41,
1125 1491 1246 1556 saeculi
1263 1492 1323 1555 XV

172 1596 402 1683 utrumque)¹),
427 1597 659 1668 Tornacensem
683 1600 843 1661 recentem
867 1600 900 1661 et
922 1597 1083 1662 Duaeensi
1110 1598 1322 1675 simillimum,

172 1703 307 1786 denique
335 1704 605 1789 Longipontinum
634 1707 666 1768 et
692 1704 801 1787 ipsum
828 1707 987 1769 recentem
1016 1707 1110 1787 atque
1142 1724 1178 1769 ex
1202 1704 1227 1768 P
1249 1704 1321 1787 ipso

170 1814 205 1874 ut
227 1811 358 1875 uidetur
381 1811 572 1889 deriuatum,
597 1830 692 1893 quem
715 1812 834 1875 frustra
857 1810 1014 1893 quaesiui.
1046 1830 1082 1875 er
1110 1811 1192 1876 libro
1215 1810 1321 1875 Noua-

169 1918 264 1982 riensi
289 1918 454 1983 simillimo
478 1918 622 1982 manauit
643 1917 848 1982 Amerbachii
872 1917 981 1983 editio.

211 2024 380 2089 Librorum
409 2024 526 2107 quibus
555 2024 685 2109 scriptio
715 2024 752 2088 de
781 2024 980 2088 Abraham
1007 2024 1099 2089 nobis
1127 2024 1244 2089 tradita
1268 2028 1457 2090 estensem
1509 2076 1513 2082 .

169 2129 228 2195 duo
255 2150 369 2215 genera
393 2133 478 2207 sunt,
503 2140 639 2213 quorum
662 2131 762 2195 altero
785 2130 860 2195 libri
883 2132 987 2211 ambo,
1007 2131 1107 2197 altero
1126 2132 1211 2213 prior
1230 2131 1318 2197 solus

169 2237 361 2313 continetur,
385 2238 437 2302 hic
462 2238 546 2303 enim
570 2238 674 2303 medio
699 2256 777 2302 aeuo
801 2238 905 2303 multo
923 2238 1123 2320 frequentius
1141 2237 1316 2321 legebatur.

167 2362 265 2425 neque
290 2360 366 2407 uero
390 2343 555 2407 miraberis
580 2362 652 2407 eum
677 2343 768 2407 alteri
786 2343 964 2424 praelatum
989 2362 1069 2410 esse.
1095 2344 1211 2408 etenim
1229 2344 1316 2409 facil-

166 2449 262 2513 limus
286 2450 452 2514 intellectu
477 2455 527 2516 est
550 2471 587 2515 au
609 2452 698 2515 totus
720 2451 752 2514 in
775 2450 953 2534 praeceptis
974 2470 1053 2533 quae
1074 2450 1235 2516 admones
1254 2453 1315 2517 tor-

165 2556 295 2621 mandos
321 2556 596 2639 emendandosque
619 2558 777 2638 pertinent
796 2560 952 2635 uersatur,
971 2557 1004 2621 id
1025 2557 1111 2639 quod
1127 2558 1314 2623 Ambrosius

165 2661 231 2743 ipse
259 2662 335 2726 libri
363 2662 494 2727 alterius
518 2663 610 2728 initio
633 2664 684 2727 his
707 2665 815 2729 uerbis
840 2663 1028 2728 declarauit:
1061 2666 1223 2728 ‘moralem
1247 2666 1316 2746 qui·

166 2766 234 2832 dem
257 2769 367 2833 locum
389 2771 549 2851 persecuti
574 2789 685 2835 sumus
709 2790 772 2853 qua
794 2770 960 2853 potuimus
983 2771 1168 2836 intellectus
1193 2772 1314 2854 simpli·

166 2874 270 2953 citate,
296 2878 334 2938 ut
361 2876 417 2956 qui
443 2877 556 2960 legunt
579 2896 703 2941 morum
728 2878 792 2941 sibi
813 2877 940 2959 possint
961 2879 1086 2942 haurire
1109 2878 1312 2962 magisteria',

164 2982 242 3044 alter
265 2983 373 3045 autem
396 2982 477 3045 liber
497 2984 714 3067 mysticaque
734 2984 870 3065 scriptor
888 3004 966 3049 usus
987 2989 1037 3049 est
1054 2986 1312 3069 interpretatione

165 3105 259 3169 eaque
279 3088 366 3152 haud
384 3108 453 3153 raro
474 3090 608 3155 obscura
627 3090 769 3156 homines
790 3091 859 3193 eius
879 3094 949 3155 aeta
932 3093 992 3157 atis
1012 3092 1187 3174 repellebat
1204 3096 1261 3174 pot
1263 3093 1311 3157 ius

163 3212 254 3273 quam
279 3193 460 3259 adliciebat.
437 3197 548 3278 tqua
570 3216 603 3260 re
622 3198 813 3261 factumi
763 3200 853 3261 estu
854 3198 1001 3282 teriguo
1020 3202 1090 3263 ttan
1091 3219 1146 3262 um
1165 3198 1311 3263 codicum

162 3318 291 3364 numero
325 3300 423 3365 huius
456 3303 529 3366 libri
562 3304 714 3369 memoria
746 3308 873 3367 seruata
906 3306 958 3368 011
997 3324 1034 3368 00
1061 3305 1152 3369 nobis
1187 3306 1308 3388 generis

161 3404 270 3485 prioris
295 3406 380 3469 idem
406 3426 484 3489 quos
508 3408 539 3471 in
564 3410 718 3489 opusculo
742 3409 780 3472 de
799 3409 868 3473 Noe
892 3409 1087 3475 emendando
1106 3410 1308 3475 adhibuimus

203 3639 223 3705 ¹)
242 3640 364 3694 Maurini
382 3641 437 3696 uol.
457 3640 471 3694 Ι
489 3660 515 3711 p.
536 3642 589 3695 244
608 3660 636 3695 se
656 3646 785 3711 quattuor
802 3644 831 3696 in
850 3645 947 3712 quibus
965 3646 1100 3699 tractatus
1120 3645 1152 3699 de
1168 3645 1226 3699 Noe
1244 3645 1307 3700 inde

161 3744 176 3780 0
193 3729 312 3783 sectione
331 3731 367 3783 44
386 3730 544 3785 ordiebatur
562 3730 700 3785 codicibus
715 3749 777 3785 usos
792 3749 851 3787 csse
866 3732 969 3796 dicunt,
984 3733 1141 3788 Colbertino
1154 3735 1306 3789 Macarineo

161 3814 331 3882 (lomacensi,
351 3816 468 3887 denique
491 3818 686 3885 Ualliclarensi,
706 3838 785 3889 quem
805 3820 925 3875 eiusdem
944 3826 1027 3892 atque
1042 3822 1227 3877 Colbertinum
1246 3841 1305 3877 sae·

160 3904 210 3957 culi
227 3905 312 3959 fuisse
331 3905 462 3960 referunt.
483 3907 601 3961 aeduae
621 3925 687 3977 quus
707 3926 738 3962 er
756 3910 947 3965 Ualliolarensi
971 3916 1152 3965 enotauerunt
1174 3913 1305 3968 lectiones

158 3991 192 4044 ud
209 3993 345 4047 sectiones
364 3996 399 4049 45
419 3998 448 4049 01
466 3997 500 4050 95
519 3997 666 4065 pertinent.
681 3997 729 4052 sed
744 3999 841 4051 mirum
855 4017 920 4053 sane
935 4003 977 4053 001
992 4018 1037 4054 000
1052 4001 1150 4054 librum
1168 4002 1209 4065 P,
1224 4019 1304 4070 quem

158 4083 313 4135 monasterii
337 4087 447 4138 sanctae
472 4084 574 4139 Mariae
599 4084 632 4138 de
657 4086 729 4140 01010
747 4088 819 4142 ualle
838 4088 923 4142 luisse
943 4089 1164 4157 supradiximus,
1184 4094 1304 4144 autnon

158 4170 261 4224 nouisse
281 4175 330 4225 aut
349 4173 508 4241 neglexisse.

200 4256 220 4325 ²)
241 4259 374 4313 simillimi
399 4263 462 4314 sunt
488 4261 575 4316 codici
594 4261 633 4327 T‘,
653 4263 700 4317 sed
727 4264 800 4333 prior
822 4269 930 4318 tantum
955 4266 987 4319 de
1011 4266 1147 4320 Abraham
1170 4267 1240 4320 liber
1263 4268 1301 4320 eis

158 4348 314 4439 continetur!¹

1235 4460 1263 4512 e*
