3175 5017
227 452 320 515 Xssss
688 443 907 499 Praefatio.

229 640 267 704 de
286 641 346 705 hoo
364 639 444 703 libro
465 636 670 703 iudicauisse.
689 640 774 701 recte
795 636 1020 701 animaduertit
1037 637 1184 703 Xoerster
1199 659 1229 721 p.
1246 640 1309 702 115
1326 660 1373 723 sq.

229 745 383 829 quaedam
417 764 525 809 eorum
559 762 638 825 quae
666 742 710 805 Vl
736 744 765 818 7,
790 742 830 805 41
861 741 957 806 4144
982 761 1029 823 sq.
1067 742 1270 826 disputantur
1302 764 1374 809 cum

230 852 376 937 Origenis
409 850 577 915 sententiis
611 847 666 935 (cf.
694 850 726 913 in
761 849 841 914 Gen.
869 849 955 913 hom.
983 849 998 912 l
1028 850 1084 915 13:
1116 850 1201 916 Patr.
1231 850 1285 916 (ir.
1313 852 1376 916 XII

232 959 293 1023 155
310 978 379 1041 sqq.
397 955 463 1037 M.)
487 955 664 1021 conuenire.
690 956 805 1039 quodsi
828 976 920 1037 porro
939 956 1128 1022 Ambrosius
1151 958 1188 1021 de
1207 957 1323 1023 Abrah.
1343 958 1376 1023 II

230 1068 260 1145 8,
295 1068 337 1130 54
370 1064 539 1149 Origenem
575 1064 747 1147 uituperat,
785 1064 870 1146 quod
901 1063 1163 1147 philosophorum
1198 1069 1377 1129 commenta

231 1176 359 1238 secutus
392 1174 590 1255 planetarum
623 1173 714 1235 motu
747 1170 942 1235 harmoniam
977 1172 1163 1236 suauissimi
1189 1172 1278 1237 illius
1306 1172 1377 1237 soni

231 1278 377 1343 caelestis
402 1278 484 1342 ellici
508 1277 693 1355 adseruarit,
717 1296 777 1341 non
803 1296 877 1340 4444
899 1277 1108 1359 improbabile
1135 1283 1185 1342 441
1209 1278 1376 1363 Origenem

231 1385 269 1449 de
300 1404 336 1449 44
362 1404 396 1449 re
423 1384 456 1449 in
482 1384 677 1450 Hexaemero
706 1384 901 1467 exposuisse.
938 1383 1022 1448 unde
1054 1384 1188 1449 fortasse
1221 1386 1378 1468 suspicari

230 1491 307 1555 lieet
330 1491 533 1556 Ambrosium
558 1511 683 1574 quoque
706 1491 761 1555 Hx.
782 1490 863 1568 112,
890 1492 909 1555 6
934 1495 966 1555 et
990 1492 1019 1568 7,
1046 1510 1108 1573 quo
1132 1492 1201 1556 loco
1225 1493 1314 1556 illam
1338 1492 1376 1555 dc

231 1598 436 1680 sphaerarum
457 1598 620 1662 harmonia
639 1598 819 1680 opinionem
839 1598 984 1679 explosit,
1005 1598 1173 1682 Origenem
1191 1599 1378 1682 respexisse,

231 1700 527 1788 quamquamquae
550 1704 595 1769 ibi
620 1708 726 1769 extant
747 1705 813 1769 fere
837 1705 942 1770 omnia
960 1705 999 1769 ad
1017 1706 1175 1769 Basiliam
1193 1706 1270 1770 Her.
1290 1707 1377 1770 lII3

232 1816 264 1877 et
283 1811 467 1877 Ciceronem
492 1811 530 1875 de
553 1830 585 1875 re
609 1811 739 1894 publica
758 1812 803 1875 VI
823 1812 863 1874 17
885 1831 953 1894 sqq.
973 1812 1075 1875 redire
1093 1813 1298 1877 manifestum
1318 1816 1378 1877 441.

232 1919 366 2001 denique
399 1937 479 2000 quae
512 1918 550 1981 ab
583 1917 750 1983 Ambrosio
775 1918 829 1981 Hx.
853 1918 960 1982 ΙΠΙ4
990 1920 1132 2002 exposita
1163 1923 1239 1985 sunt
1266 1921 1378 1984 multis

231 2027 311 2091 loois
340 2027 521 2109 conspirant
549 2026 594 2089 ita
623 2044 695 2090 oum
724 2027 769 2090 eis
794 2045 874 2108 qnae
898 2026 982 2108 apud
1004 2027 1194 2109 Procopium
1219 2027 1379 2093 Gaaaeum

126 2196 128 2199 .
231 2134 316 2198 Patr.
347 2132 402 2199 Gr.
430 2131 607 2196 LXXXVII
635 2133 676 2196 92
706 2151 753 2214 sq.
777 2131 826 2197 M.
854 2132 1015 2216 leguntur,
1044 2135 1081 2196 41
1108 2133 1256 2216 colligere
1282 2133 1381 2198 liceat

233 2244 401 2322 utramque
435 2239 684 2321 disputationem
718 2258 753 2302 ex
786 2239 947 2303 communi
974 2240 1072 2316 fonte,
1101 2240 1269 2324 Origenem
1297 2240 1380 2318 dieo,

232 2345 407 2432 fluxisse.¹)
440 2347 502 2410 iam
532 2346 616 2427 quod
644 2345 683 2409 ad
711 2346 922 2429 Hippolytum
951 2347 1083 2425 adtinet,
1107 2366 1180 2412 cum
1203 2348 1272 2411 eins
1296 2367 1381 2412 com-

233 2454 406 2519 mentarius
434 2454 466 2517 in
495 2453 744 2539 Hexaemer0n2)
774 2453 813 2516 ab
841 2453 1035 2537 Hieronymo
1065 2455 1103 2519 de
1133 2456 1191 2522 uir.
1213 2457 1260 2519 ill.
1286 2475 1312 2522 c.
1338 2456 1378 2518 61

234 2562 499 2627 commemoratus
531 2561 572 2624 ad
604 2563 744 2625 nostram
776 2561 962 2625 memoriam
992 2580 1053 2626 non
1083 2552 1284 2644 peruenerit,
1303 2563 1383 2627 nihil

234 2672 374 2733 statuero
397 2668 474 2732 licet
497 2667 560 2731 nisi
582 2667 615 2730 id
639 2666 723 2750 qnod
746 2666 935 2732 Ambrosius
957 2668 989 2733 in
1015 2688 1158 2735 sermone
1176 2671 1278 2754 primo
1298 2690 1383 2736 com-

233 2775 379 2858 pluribus
417 2774 497 2838 loeis
536 2773 603 2836 eius
635 2773 937 2855 Philosophnmena‚
970 2774 1009 2840 de
1047 2777 1162 2858 quibus
1195 2777 1268 2842 uide
1302 2797 1382 2859 quae

236 2881 382 2964 exposuit
403 2881 442 2943 H.
466 2880 555 2943 Diels
580 2880 862 2963 Doxographorum
888 2880 1079 2947 Graecorum
1104 2905 1133 2966 p.
1160 2884 1223 2946 144
1248 2903 1324 2966 sqq,
1348 2884 1381 2947 in

233 3008 329 3052 usam
363 3007 456 3051 suum
490 2985 692 3073 conuertit.)
725 2992 850 3069 praeter
872 2989 1087 3055 Hexaemeron
1115 2991 1229 3055 Basilii
1257 3010 1382 3073 quoqne
1414 2998 1417 3001 ’

236 3095 398 3159 homiliam
428 3094 508 3171 eius,
538 3113 617 3175 quae
645 3094 830 3158 inscribitur
857 3094 899 3165 εἰς
927 3096 960 3158 τὸ
985 3095 1125 3182 Πρόσεχε
1154 3096 1301 3183 444444),
1326 3097 1383 3161 sed

236 3220 273 3265 ca
309 3205 433 3265 tantum
469 3218 548 3282 quae
586 3200 689 3282 capite
725 3201 820 3265 tertio
858 3200 954 3267 huius
992 3204 1145 3268 sermonis
1184 3205 1386 3268 continentur

236 3309 290 3387 Ex.
316 3309 415 3385 717,
441 3309 483 3370 42
517 3307 671 3372 adhibuit.
709 3308 825 3371 mirum
858 3328 932 3373 sane
966 3309 1090 3387 fuisset,
1124 3310 1152 3375 si
1185 3311 1384 3379 Ambrosius,

236 3419 347 3497 utpote
363 3414 417 3497 441
432 3413 668 3478 studiosissime
683 3414 849 3478 Philonem
868 3416 1038 3493 lectitaret,
1054 3416 1138 3480 huno
1157 3417 1384 3499 philosophum

281 3660 300 3730 ¹)
320 3659 352 3713 cf.
372 3659 402 3712 P.
415 3658 568 3712 Wendland
587 3658 688 3713 ‘Philon
704 3659 806 3713 Schrift
824 3659 891 3714 iiber
910 3660 953 3715 die
971 3659 1140 3730 Vorsehnng'
1165 3660 1286 3714 Berolini
1306 3659 1384 3723 1892,

238 3768 263 3820 4.
283 3750 317 3803 26
337 3765 395 3818 sqq.
415 3746 484 3802 adde
502 3748 532 3801 L.
554 3746 629 3802 Cohn
650 3748 710 3801 ‘Zur
727 3747 878 3803 indirecten
896 3749 1120 3819 Ueberlieferung
1138 3750 1240 3803 Philo's
1259 3748 1314 3803 und
1338 3748 1387 3804 der

238 3839 342 3892 tlteren
360 3838 555 3891 Kircherrvater
575 3838 680 3904 (Jahrb.
700 3838 744 3891 iiir
762 3842 833 3907 prot.
852 3838 946 3892 Theol.
964 3838 1057 3892 Xlllll
1080 3840 1117 3904 3).
1220 3842 1224 3868 ³

285 3926 305 3995 ²)
325 3926 357 3979 cf.
377 3927 409 3981 Δ.
428 3927 554 3979 Hamack
573 3926 633 3980 ‘Die
651 3918 878 3996 Ueberlieferung
896 3926 952 3980 und
970 3926 1018 3980 der
1035 3926 1156 3981 Bestand
1174 3925 1223 3979 cler
1241 3926 1386 3984 altchristl.

238 4016 315 4070 Litt'
334 4016 418 4070 1627
438 4014 499 4069 adn.
519 4016 561 4069 22.

285 4104 306 4161 ³l
327 4103 361 4167 cf,
380 4099 405 4160 3'.
424 4104 453 4167 4;
474 4105 500 4165 4,
520 4104 536 4156 2
556 4107 584 4158 41
604 4106 631 4169 b;
652 4104 693 4168 18,
715 4105 755 4159 14.
776 4121 937 4175 quamquam
956 4105 1020 4173 quin
1040 4106 1121 4159 etiam
1136 4104 1297 4178 qompendie
1309 4103 1386 4168 14114,

241 4194 366 4265 qualibus
393 4193 557 4262 Hippolytus
589 4211 652 4247 usus
686 4198 735 4258 est,
763 4194 905 4248 Ambrosio
937 4194 972 4247 ad
1003 4210 1112 4247 manum
1143 4193 1245 4247 suerint
1276 4192 1386 4248 minime

241 4283 346 4337 dubito.
366 4298 419 4351 444
438 4281 471 4335 (14
490 4298 518 4335 re
537 4285 633 4351 postea
651 4283 791 4337 occasione
811 4282 876 4335 data
895 4298 1035 4351 exponam.

287 4371 307 4441 ⁴)
328 4371 361 4425 cl.
376 4371 455 4425 Patr.
474 4370 518 4425 Gr.
537 4370 625 4424 XXXI
645 4372 695 4426 197
714 4372 756 4424 M.
776 4372 816 4441 (II
836 4373 868 4426 16
891 4371 936 4442 G.)
