3175 5017
406 451 447 504 De
467 450 603 504 Abraham
622 450 650 505 II
668 452 694 517 4,
714 452 819 505 14-16
848 452 938 522 (1318
953 452 1064 506 F-ara
1079 452 1121 519 F).
1271 455 1335 519 575

97 643 138 705 15
188 644 293 727 quod
335 645 546 711 incolatus
588 666 698 711 meus
736 646 1006 731 prolongatus
1049 649 1121 711 est.
1163 646 1336 712 descensus

187 755 293 815 autem
323 752 483 817 Abraham
510 753 542 817 in
570 754 762 838 Aegyptum,
791 753 851 818 hoc
880 754 997 817 estad
1025 754 1107 818 feros
1132 756 1165 818 et
1187 754 1335 819 barbaros

185 878 300 937 moros,
326 860 380 943 qui
403 860 517 926 uirtuti
541 862 660 949 deferre
683 861 852 936 nescirent,
872 880 911 924 ne
930 866 1079 925 nocerent
1096 881 1153 944 per
1169 861 1335 938 inuidiam,

185 965 264 1029 dixit
293 966 397 1046 Sarae,
427 988 465 1032 ne
495 987 529 1033 se
557 988 686 1033 uxorem
715 968 783 1032 eius
812 968 941 1044 diceret,
971 968 1026 1031 sed
1058 987 1198 1033 sororem
1230 970 1335 1050 appel-

152 1072 274 1137 alaret.
305 1077 338 1137 ot
365 1075 438 1139 hinc
468 1074 584 1159 grande
614 1075 736 1139 sobriae
763 1076 882 1139 mentis
905 1075 1103 1158 mysterium,
1127 1076 1179 1139 cui
1204 1075 1266 1139 cito
1290 1076 1335 1139 in·

184 1181 324 1245 uidetur.
350 1185 382 1246 et
400 1182 471 1245 ideo
490 1186 528 1246 ut
546 1182 701 1246 inuidiam
720 1181 881 1264 reprimat,
900 1182 1103 1247 humiliorem
1123 1186 1335 1265 repraestare

184 1287 287 1353 debet.
318 1308 380 1353 non
408 1289 469 1353 sibi
497 1288 709 1372 principatum
738 1308 833 1371 super
861 1308 969 1353 omnes
996 1289 1147 1367 uindicet,
1179 1310 1240 1354 non
1273 1290 1336 1353 sibi

184 1396 244 1459 soli
270 1396 458 1478 sapientiam
482 1397 573 1479 quasi
595 1396 799 1480 praecipuam
822 1396 962 1480 adroget.
987 1397 1064 1461 haec
1089 1400 1138 1461 est
1157 1416 1251 1479 quam
1272 1394 1333 1461 sibi
1352 1407 1377 1459 D

184 1501 336 1567 Solomon
359 1522 487 1567 uxorem
511 1503 699 1586 adquisiuit;
728 1522 807 1567 uxor
829 1503 913 1567 enim
936 1504 1105 1585 praecipue
1130 1506 1180 1567 est
1202 1503 1259 1567 uni
1282 1503 1333 1566 dc·

138 1633 165 1671 ro
182 1609 261 1673 bita.
294 1611 403 1691 itaque
436 1630 544 1675 omnes
578 1610 711 1692 cupiunt
741 1611 800 1674 tali
832 1630 866 1675 se
890 1611 1005 1693 copula
1032 1610 1144 1694 dignos
1172 1610 1276 1673 uideri
1303 1613 1335 1673 et

185 1716 295 1780 dolent
319 1718 381 1782 sibi
404 1717 543 1799 aliquem
566 1718 726 1799 praeferri,
747 1718 802 1800 qui
821 1721 910 1781 tanta
929 1719 1018 1781 solus
1037 1718 1178 1799 potiatur
1195 1716 1334 1799 pulchri-

183 1822 307 1889 tudine.
331 1812 419 1888 soror
443 1827 549 1887 autem
574 1824 711 1905 quodam
735 1824 789 1887 uel
812 1823 880 1887 iure
900 1824 1118 1908 germanitatis
1137 1825 1191 1888 uel
1210 1824 1335 1888 nomine

183 1930 346 2011 plerisque
377 1930 525 1993 sociatur.
560 1932 592 1993 et
619 1928 691 1993 ideo
718 1948 831 1993 uerum
859 1932 1032 1994 amatorem
1056 1949 1151 1995 suum
1175 1931 1335 2015 integrum

92 2034 136 2096 16
185 2037 224 2100 ab
262 2036 379 2100 iniuria
410 2039 561 2101 reseruat.
600 2035 682 2100 unde
714 2036 860 2100 uidentes
894 2056 962 2100 eam
994 2036 1155 2121 Aegyptii,
1188 2037 1242 2119 qui
1274 2058 1336 2102 non

139 2168 165 2205 15
184 2146 317 2226 possent
349 2143 525 2208 discernere
557 2163 614 2209 nec
647 2144 777 2209 uirtutis
810 2145 945 2208 formam
978 2163 1179 2228 cognoscere,
1207 2144 1379 2229 uulgaria

184 2251 389 2317 aestimantes
403 2252 521 2316 iudicio
536 2252 726 2317 induxerunt
739 2253 778 2316 ad
794 2255 971 2335 tyrannum,
991 2252 1051 2315 boc
1071 2254 1120 2317 est
1139 2252 1178 2315 ad
1196 2255 1335 2315 mentem

185 2359 366 2439 superbam,
395 2378 475 2441 quae
503 2359 627 2442 pondus
656 2358 829 2441 sapientiae
857 2378 918 2423 non
948 2358 1102 2422 sustinuit
1130 2362 1161 2422 et
1187 2358 1259 2422 ideo
1284 2359 1334 2422 ad-

184 2464 307 2527 flictata
331 2468 391 2529 est.
426 2466 544 2531 etenim
569 2485 641 2530 cum
666 2467 803 2556 animam
827 2466 992 2548 inprobam
1015 2466 1147 2529 uirtutis
1169 2464 1336 2529 intrauerit

185 2590 301 2649 sermo,
325 2572 488 2655 redarguit
511 2592 580 2637 eam
604 2573 717 2656 culpae
742 2572 918 2655 errorisque
941 2573 1061 2654 pudore
1085 2571 1192 2635 adficit
1215 2574 1247 2635 et
1264 2591 1334 2655 pro·

139 2700 166 2739 eo
183 2676 337 2758 lapsioris
365 2681 495 2760 torquet
523 2679 639 2744 dolore.
667 2699 803 2762 namque
833 2680 909 2742 dnm
933 2679 964 2743 in
988 2678 1122 2760 quadam
1148 2697 1259 2741 sumus
1284 2678 1335 2741 de-

183 2784 348 2865 linquendi
374 2786 516 2863 libidine,
540 2786 664 2851 nebulis
690 2785 882 2868 quibusdam
901 2786 1100 2868 insipientiae
1124 2805 1212 2849 mens
1238 2784 1335 2849 obdu-

186 2895 269 2958 citur
287 2896 320 2957 ct
338 2893 426 2958 fumo
447 2894 582 2974 quodam
602 2893 780 2975 iniquitatis
800 2892 885 2957 oculi
904 2893 972 2957 eins
993 2893 1140 2976 caligant,
1165 2912 1203 2956 ne
1227 2892 1334 2956 uideat

185 3021 294 3065 eorum
323 3020 403 3082 quae
427 3000 625 3082 concupiscit
648 3000 891 3076 deformitatem,
916 3000 972 3064 scd
996 3019 1069 3063 cum
1092 3000 1195 3063 omnis
1219 2999 1334 3063 nebula
1356 3010 1379 3064 1¹

183 3107 347 3171 transierit
383 3108 415 3171 et
447 3106 619 3188 sapientiae
652 3108 800 3189 splendor
830 3107 1003 3185 refulserit,
1036 3107 1146 3189 grauia
1176 3109 1335 3170 tormenta

141 3234 166 3275 aa
186 3215 369 3278 exercentur
391 3214 422 3277 in
448 3214 583 3295 quodam
608 3216 690 3278 male
715 3214 836 3279 conscii
860 3213 1038 3277 secretario.
1071 3213 1178 3294 itaque
1206 3212 1333 3297 grauior

184 3322 295 3383 nostra
322 3339 411 3383 mens
434 3319 528 3383 iudex
553 3324 603 3384 cst
626 3322 837 3385 conscientiae
861 3324 950 3385 reatu
975 3323 1008 3384 et
1029 3320 1147 3384 iudicio
1171 3319 1333 3402 paeniten-

183 3426 256 3491 tiae.
287 3427 401 3509 quodsi
428 3428 482 3491 uel
514 3446 607 3511 aegra
633 3448 689 3509 per
717 3429 843 3509 culpam
872 3429 924 3492 uel
951 3428 1093 3491 inualida
1119 3447 1175 3510 per
1201 3425 1331 3491 infirmi-

275 3618 288 3670 1
311 3615 378 3669 Gen.
399 3617 441 3680 12,
462 3617 492 3671 11
514 3633 572 3685 sqq.
628 3618 644 3670 9
664 3617 730 3686 Reg.
749 3617 836 3676 1113.
856 3619 872 3671 9
892 3634 950 3687 sqq.
1008 3617 1040 3671 16
1060 3616 1126 3671 Gen.
1148 3618 1190 3682 12,
1211 3618 1243 3671 15

222 3750 234 3801 1
256 3747 401 3803 descensus
421 3751 498 3803 Pur
511 3750 536 3802 Τ
553 3748 719 3803 descendens
737 3750 821 3804 Pota
838 3756 887 3804 cet.
960 3752 977 3803 2
1000 3751 1028 3803 in
1048 3753 1202 3819 Aegyptum
1220 3752 1247 3804 P
1263 3768 1285 3804 a.
1305 3768 1332 3803 rc.

186 3842 238 3903 1112,
256 3854 308 3892 om.
333 3838 358 3891 Τ
428 3841 445 3891 4
465 3856 582 3891 sororem
603 3840 659 3892 eius
679 3840 742 3893 DN
806 3842 822 3893 5
842 3840 948 3893 sobriae
967 3841 1066 3893 mentis
1084 3841 1141 3893 ΡΤ
1156 3840 1266 3893 uirtutis
1285 3846 1331 3895 oet.

187 3926 203 3978 8
221 3928 298 3997 quasi
317 3943 369 3983 om.
388 3927 453 3980 DN
520 3929 536 3981 9
556 3928 679 3981 salomon
699 3926 764 3981 libra¹
838 3930 871 3982 10
891 3932 919 3981 et
938 3929 1031 3982 dolent
1054 3929 1079 3982 Τ
1096 3933 1126 3982 ut
1145 3929 1239 3983 dolent
1257 3929 1334 3983 Pmr

187 4019 217 4067 nt
235 4015 347 4070 doleant
365 4016 448 4069 Pma
466 4022 514 4070 cet.
571 4017 602 4069 11
624 4017 670 4085 qui
689 4018 788 4085 scripsi
806 4016 865 4086 quis
886 4018 951 4070 libri
1022 4018 1144 4086 patiatur
1155 4018 1183 4070 P
1201 4020 1227 4082 (o
1246 4021 1294 4071 m2
1310 4034 1331 4071 a.

189 4120 203 4155 a
217 4104 314 4175 pr.)0
369 4107 402 4158 14
420 4104 560 4158 iniuriaP
578 4106 616 4175 (in
630 4122 651 4158 s.
666 4110 706 4172 a.)
780 4106 1116 4174 recerunt-Pupam)
1174 4108 1206 4160 17
1226 4108 1333 4176 sapien-

188 4193 241 4245 tiae
259 4192 364 4261 pondus
384 4193 412 4245 B
501 4194 612 4247 adflicta
630 4194 692 4247 DN
694 4194 779 4247 BOM
859 4196 893 4247 22
913 4196 1066 4265 caligantur
1083 4196 1110 4248 P
1128 4200 1170 4261 (nr
1189 4196 1255 4248 add.
1274 4199 1332 4261 1112)

188 4280 302 4334 DNOM
375 4281 488 4335 uideant
502 4282 534 4335 N
550 4285 592 4347 (nt
608 4284 639 4336 ior
653 4287 720 4350 ras.)
776 4285 812 4338 24
831 4282 958 4354 splendor
976 4284 1113 4338 refulserit
1127 4285 1208 4338 PYB
1226 4284 1332 4355 fulgore

188 4368 292 4423 fulserit
311 4376 358 4424 eet.
415 4372 449 4425 26
469 4388 545 4425 mens
564 4376 657 4426 nostra
675 4373 703 4424 B
