3175 5017
555 470 559 481 ,
607 421 825 475 Praefatio.
1152 426 1288 491 ΧΧΧΧῙ

136 632 241 677 meror
271 614 385 679 multis
414 615 499 679 loliis
530 614 700 697 deperditis
729 616 945 702 1111111111)
975 616 1087 681 deinde
1119 616 1181 682 duo
1206 637 1289 682 com·

139 724 354 785 memorentur
386 721 460 785 libri
492 721 638 786 maximis
675 722 922 805 propinquitatis
961 722 1099 787 uinculis
1136 722 1217 787 inter
1253 744 1287 788 se

138 828 309 905 coniuncti,
333 828 574 893 Parisiacus
601 830 719 905 13336,
734 828 760 911 ²)
784 829 839 911 qui
859 848 875 892 1
895 829 1020 893 duobus
1043 829 1133 894 libris
1154 832 1289 906 constat,

137 952 197 997 nno
222 934 346 998 saeculi
370 934 540 1003 undecimi.
566 936 621 1017 qui
644 936 828 1012 Bramerou,
853 937 952 1001 altero
981 935 1106 1013 decimi,
1136 935 1191 1019 qui
1213 935 1289 999 Ara-

138 1039 213 1105 toris
243 1060 370 1105 carmen
401 1042 439 1105 de
464 1042 588 1106 actibus
613 1042 831 1123 apostolorum
855 1043 1088 1126 complectitur,
1113 1046 1146 1106 et
1167 1043 1288 1107 Bono·

138 1145 297 1210 niensis
336 1149 378 1211 34
415 1147 637 1232 bybliothecae
674 1168 754 1230 quae
797 1153 846 1213 est
883 1148 1054 1224 Bononiae,
1095 1149 1127 1213 in
1165 1148 1289 1214 Galliae

139 1253 252 1335 oppido
278 1254 319 1317 ad
341 1274 426 1319 mare
451 1254 513 1321 sito
533 1253 630 1341 (nunc
649 1256 814 1340 Boulogne
834 1274 890 1319 sur
907 1274 975 1319 mer
992 1257 1149 1338 uocatur),
1169 1255 1289 1319 saeculi

138 1359 309 1426 undecimi.
321 1359 348 1442 ⁵)
372 1362 426 1443 qui
449 1362 522 1425 libri
546 1380 736 1445 quamquam
760 1363 840 1427 locis
864 1365 990 1427 tanturn
1014 1363 1136 1443 aliquot
1153 1363 1290 1444 inspecti

139 1468 211 1529 sunt
244 1486 262 1529 1
295 1466 461 1551 Sigofredo
488 1468 605 1541 Baiter,
634 1472 741 1537 tamen
774 1468 850 1551 quin
883 1469 923 1533 ad
950 1469 1086 1533 classem
1114 1468 1144 1533 N
1174 1468 1289 1533 adseri·
1347 1473 1350 1477 '

139 1572 232 1635 bandi
275 1573 340 1637 sint
377 1574 516 1641 dubitari
553 1593 614 1639 non
651 1578 767 1658 potest.
814 1575 950 1657 denique
992 1575 1135 1640 eiusdem
1176 1574 1288 1640 classis

140 1683 212 1743 sunt
244 1678 372 1745 codices
405 1680 534 1763 quidam
565 1681 749 1758 Britannici,
784 1682 888 1746 ueluti
921 1680 1287 1765 Cantabrigieusis

141 1785 266 1869 collegii
295 1797 424 1851 sanctae
452 1788 604 1872 trinitatis
630 1786 655 1851 Ο
681 1791 711 1865 3,
740 1790 782 1853 35
811 1787 930 1871 (Cant.)
954 1787 1073 1852 saeculi
1096 1788 1151 1864 XI,
1175 1786 1289 1852 Bodle-

140 1891 201 1955 iani
230 1893 284 1969 86,
316 1896 391 1972 206,
418 1896 492 1971 751,
515 1894 739 1959 Dunelmeusis
764 1895 790 1959 Β
815 1897 847 1971 5,
872 1896 903 1971 1,
928 1913 1037 1959 ornnes
1061 1894 1101 1958 ad
1125 1894 1288 1959 saeculum

140 1998 198 2062 XII
230 2000 396 2066 referendi.
431 2001 465 2065 hi
496 2002 570 2066 libri
602 2002 760 2084 pessimae
792 2005 887 2065 notae
920 2004 1005 2078 sunt,
1038 2003 1150 2083 utpote
1186 1999 1288 2065 foedis

139 2105 434 2188 interpolationibus
470 2108 638 2191 inquinati.
676 2108 722 2172 sic
759 2110 798 2172 ut
834 2107 896 2172 duo
932 2107 1075 2190 exempla
1111 2127 1147 2171 111
1185 2108 1288 2188 operis

139 2211 226 2276 initio
253 2212 440 2297 deprompta
462 2234 645 2299 proponam,
670 2237 700 2300 p.
726 2218 756 2292 3,
782 2218 802 2278 2
826 2217 901 2297 post
917 2215 1132 2294 adsumpsisse
1149 2212 1288 2277 homiues

139 2318 255 2403 legitur
275 2327 569 2402 praesumpserunt,
594 2342 626 2386 u.
653 2323 693 2386 10
717 2324 790 2404 post
817 2321 1021 2385 aestimarent
1044 2319 1204 2385 adiectum
1238 2323 1289 2384 111

137 2425 245 2505 aliqui.
279 2426 387 2509 itaque
416 2427 444 2492 si
473 2428 544 2510 quis
569 2447 623 2493 eos
647 2428 829 2493 accuratius
853 2427 1028 2491 examinare
1051 2426 1199 2505 uoluerit,
1223 2426 1286 2490 fru·

142 2535 204 2597 stra
227 2552 262 2597 se
285 2536 413 2617 tempus
438 2538 471 2599 et
492 2535 633 2600 laborem
658 2538 920 2617 consumpturum
944 2553 1014 2599 1111
1039 2533 1131 2598 scito.

181 2640 270 2704 Inter
299 2640 435 2719 codices,
461 2660 594 2724 quorum
619 2642 770 2707 lectiones
794 2642 827 2705 in
852 2640 1078 2705 commentario
1103 2639 1288 2705 adferendos

141 2765 208 2810 esse
237 2745 374 2824 decreui,
403 2751 527 2831 praeter
553 2748 651 2814 libros
680 2746 1000 2815 asseveramus
1028 2747 1134 2827 recepi
1162 2765 1288 2829 quoque

141 2852 383 2919 Beruensem
413 2855 478 2918 325
508 2854 571 2938 (B),
600 2854 718 2919 formae
748 2854 913 2937 oblongae,
942 2853 1093 2920 foliorum
1122 2855 1196 2930 177,
1221 2874 1288 2917 sae·

142 2958 203 3021 culi
230 2959 287 3033 XI,
317 2979 380 3041 quo
409 2961 430 3025 1.
463 2962 592 3025 1-102
619 2961 793 3044 Augustini
823 2959 1065 3025 Confessionum
1088 2959 1161 3025 libri
1183 2961 1287 3037 XIIII,

144 3066 313 3130 103-177
334 3066 495 3133 Ambrosii
513 3068 685 3133 Brameron
705 3067 915 3132 continentur.
936 3068 1165 3150 quodpropter
1184 3067 1289 3149 singu·

142 3172 236 3237 larem
260 3174 354 3255 plane
383 3173 479 3239 huius
507 3174 580 3238 libri
609 3174 827 3239 condicionem
854 3174 926 3239 feci.
959 3173 1077 3239 etenim
1104 3174 1136 3237 in
1165 3172 1288 3239 codices

141 3279 233 3343 unius
268 3279 382 3343 classis
417 3298 510 3362 saepe
543 3280 624 3346 libro
657 3282 788 3345 alterius
822 3281 964 3345 adhibito
996 3281 1150 3345 lectiones
1182 3279 1288 3342 illatas

143 3404 209 3450 esse
237 3386 314 3455 ianr,
330 3405 427 3468 supra
454 3385 633 3465 docuimus,
663 3387 719 3451 sed
746 3387 821 3450 talis
850 3387 954 3469 qualis
981 3386 1013 3451 in
1041 3387 1068 3451 B
1096 3385 1290 3468 conspicitur

143 3492 417 3557 contaminationis
446 3497 575 3575 praeter·
597 3493 681 3557 huuc
709 3496 845 3558 alterum
875 3494 1055 3575 exemplum
1083 3511 1145 3557 non
1168 3492 1289 3555 inueni-

187 3613 205 3681 ¹)
224 3614 254 3667 in
272 3614 291 3670 f.
313 3616 339 3666 lr
355 3630 449 3667 manns
469 3631 538 3668 1111.
558 3614 636 3668 XVII
658 3615 725 3668 haec
749 3615 905 3683 adscripsit:
932 3614 1113 3667 ‘Bibliotheca
1131 3612 1289 3666 monasterii

145 3721 163 3756 1.
189 3702 304 3757 Vedasti
331 3702 489 3759 Atrebatem
520 3704 589 3759 1828
613 3704 654 3757 Α]
680 3704 800 3758 familiae
825 3704 860 3757 N‘
891 3703 1084 3757 adscribendus
1112 3718 1220 3771 qnoque
1248 3705 1290 3753 est

143 3791 370 3846 Darmstadiensis
390 3794 452 3854 747,
470 3792 572 3846 formae
587 3793 785 3862 quartanariae,
805 3792 931 3847 loliorum
944 3792 988 3859 98,
1002 3792 1078 3845 cuius
1092 3792 1167 3844 locos
1182 3790 1288 3859 aliquot

143 3879 255 3949 benigne
275 3881 442 3935 examinabit
454 3881 488 3934 H.
504 3880 582 3945 Niclr,
598 3881 786 3951 bybliothecae
801 3880 1031 3935 Darmstadiensis
1046 3879 1207 3949 praefectus.
1228 3895 1287 3932 cum

144 3967 242 4023 familia
251 3969 301 4022 MS
311 3970 464 4023 consentire
474 3969 664 4025 Colonienseru
674 3972 706 4024 31
721 3970 779 4036 (cir.
790 3970 850 4024 cat.
860 3970 937 4023 codd.
947 3970 1010 4023 eccl.
1019 3972 1096 4022 metr.
1106 3967 1162 4022 Col.
1173 3967 1289 4021 1111111

146 4061 171 4110 11
184 4057 365 4112 Wattenbach
380 4075 406 4127 p.
421 4058 465 4124 10)
480 4058 547 4112 11111
563 4059 668 4127 aliquot
683 4060 716 4113 ab
731 4060 849 4112 Henrico
869 4059 924 4112 lilio
943 4059 1075 4128 inspectis
1095 4057 1207 4112 edoctus
1221 4074 1288 4111 snm.

186 4146 256 4213 2111.
277 4147 382 4201 Delisle
400 4147 556 4201 Inventaire
579 4146 626 4201 des
650 4148 812 4201 manuscrits
831 4149 915 4201 latins
939 4147 972 4201 de
993 4144 1288 4201 Sciat-Germaindes-

145 4235 206 4289 Pre's
225 4255 250 4306 p.
271 4238 314 4290 97.
1232 4244 1235 4249 '

186 4322 205 4389 ³)
226 4324 259 4378 ci.
280 4324 341 4379 Cat.
362 4323 409 4378 des
429 4325 488 4394 de'p.
509 4342 531 4381 1.
552 4342 572 4379 s.
594 4325 712 4379 111594.
