3175 5017
280 428 401 493 XXXfl
753 421 969 477 Praefatio.

281 622 450 704 quominus
484 639 557 683 eum
590 638 626 682 ex
658 617 769 681 eodem
798 616 897 696 fonte,
926 637 989 700 quo
1017 619 1049 683 in
1079 618 1178 683 simili
1205 620 1276 684 loco
1304 620 1380 697 478,
1411 620 1430 681 5

281 747 361 792 usus
389 729 439 792 est
466 725 520 809 (cf.
548 744 579 805 p.
608 720 721 808 11117),
751 721 899 787 hausisse
922 725 1114 789 statuamus.
1142 722 1331 789 imitationis
1354 725 1431 789 Uer-

281 834 416 919 gilianae
448 833 480 896 in
513 832 573 897 hoc
606 830 716 895 libello
750 849 851 894 unum
884 833 1009 895 tanturm
1037 850 1073 896 ec
1101 832 1180 895 satis
1208 833 1304 895 tenne
1331 830 1430 895 uesti-

282 942 371 1024 gium
398 939 483 1003 inest
509 959 540 1021 p.
570 938 644 1014 654,
675 938 694 999 2
724 936 756 1000 19
780 936 889 1002 uerbis
913 938 971 1001 ‘exi
995 938 1137 1001 semitio'
1160 937 1216 1023 (91.
1240 936 1338 1021 Uerg.
1362 937 1430 1002 1191.

279 1049 295 1112 l
332 1044 399 1132 40),
442 1065 537 1127 qnam
578 1044 773 1110 locutionem
814 1044 1003 1108 Ambrosius
1045 1044 1211 1127 permultis
1252 1045 1332 1108 locis
1379 1044 1430 1107 ad-

281 1154 387 1219 hibuit
403 1150 423 1238 ¹)

327 1257 413 1338 9999
437 1258 517 1323 ratio
541 1258 623 1322 inter
644 1256 790 1321 libellum
814 1257 853 1320 de
875 1257 965 1320 Isaac
988 1260 1021 1320 et
1043 1256 1234 1339 opusculum
1259 1256 1304 1321 de
1327 1257 1428 1321 hono

280 1367 423 1432 mortis
447 1365 655 1430 intercederet
669 1364 733 1427 iam
750 1383 846 1446 snpra
860 1360 1124 1446 significauimus.
1147 1364 1192 1427 ita
1205 1364 1288 1427 inter
1307 1384 1341 1428 se
1359 1365 1430 1429 nexi

280 1476 314 1538 et
336 1473 438 1557 ingati
461 1475 547 1548 sunt,
571 1474 609 1535 ut
632 1470 723 1553 quasi
746 1490 846 1534 unum
870 1489 984 1552 corpus
1013 1469 1162 1534 efficiant.
1195 1490 1267 1534 nam
1296 1490 1370 1535 curn
1396 1472 1430 1535 in

280 1580 396 1645 ultima
422 1580 511 1643 illius
540 1582 628 1661 parte
651 1578 840 1641 Ambrosius
870 1576 1015 1641 dixisset:
1049 1583 1133 1659 ‘ergo
1165 1597 1227 1641 non
1259 1578 1430 1643 timeamus

280 1690 425 1761 mortem,
459 1685 608 1768 quoniam
639 1684 764 1765 requies
797 1685 848 1747 est
883 1684 1034 1764 corporis,
1072 1685 1194 1748 animae
1231 1688 1338 1748 autern
1376 1687 1431 1750 uel

280 1793 411 1857 libertas
439 1791 492 1856 uel
520 1789 700 1867 absolutio,
730 1790 792 1853 iam
816 1790 848 1853 in
872 1791 932 1854 hoc
955 1789 1075 1863 idsibi
1097 1792 1274 1874 proposuit,
1299 1795 1335 1857 91
1359 1811 1430 1855 earn

279 1899 470 1965 sententiam
498 1898 629 1962 uberius
658 1898 829 1979 explicaret
856 1900 888 1961 91
920 1896 1129 1963 confirmaret.
1164 1918 1260 1981 quam
1292 1898 1331 1962 ad
1362 1918 1429 1962 rem

281 2025 342 2071 non
366 2006 472 2070 solum
494 2004 616 2087 largam
639 2022 745 2069 sacrae
770 2004 947 2088 scripturae
969 2004 1123 2081 locomm‚
1144 2005 1260 2087 quibus
1279 2006 1331 2069 hic
1348 2004 1431 2069 liber

279 2111 414 2176 refertus
443 2114 501 2188 991,
530 2094 668 2175 messem
698 2111 759 2175 sibi
788 2110 994 2193 comparauit,
1023 2110 1079 2175 sed
1108 2111 1205 2175 etiarn
1229 2131 1266 2175 ex
1288 2112 1430 2194 philoso-

280 2218 372 2301 phiae
409 2218 528 2281 horreis
568 2236 647 2299 qnae
685 2218 724 2282 ad
760 2236 826 2281 rem
865 2236 955 2281 suam
993 2218 1192 2299 pertinebant
1224 2219 1430 2301 deprompsit.

278 2324 400 2389 etenim
431 2324 542 2388 mortis
576 2322 727 2398 delinitio,
757 2342 837 2404 quae
867 2324 943 2400 731,
974 2325 1012 2387 11
1043 2323 1172 2407 legitur,
1201 2343 1273 2388 cnm
1298 2344 1335 2388 ea
1358 2344 1430 2388 con·

279 2432 371 2496 uenit
403 2451 483 2513 quae
515 2432 546 2495 in
574 2430 717 2494 Platonis
744 2429 915 2493 Phaedone
944 2429 986 2493 67
1011 2430 1039 2494 Ι)
1063 2431 1191 2514 legitur.
1225 2436 1319 2515 atque
1343 2432 1429 2496 hunc

281 2539 443 2621 dialogum
471 2538 569 2602 altero
599 2554 723 2618 quoque
751 2535 822 2600 loco
851 2535 893 2619 (s.
918 2533 974 2621 51)
999 2536 1116 2601 diserte
1140 2538 1341 2621 significauit,
1366 2557 1429 2619 quo

280 2664 367 2709 more
387 2663 446 2708 suo
466 2645 632 2707 Platonem
652 2642 750 2706 uerba
769 2642 826 2705 1119
842 2642 1055 2725 pulcherrima
1075 2644 1105 2707 in
1127 2644 1265 2710 Socratis
1289 2645 1431 2709 oratione

279 2750 338 2835 (63
363 2748 438 2836 b)²)
465 2770 500 2815 er
524 2748 665 2813 Hesdrae
689 2748 769 2812 libro
795 2752 917 2829 quarto,
942 2750 1034 2814 cuius
1056 2752 1145 2815 locos
1169 2752 1289 2816 multos
1312 2752 1345 2816 in
1369 2752 1430 2816 hoc

280 2858 435 2940 opusculo
461 2857 584 2921 adlatos
607 2856 716 2932 habes,
741 2854 887 2919 hausisse
911 2856 1083 2919 contendit.
1109 2858 1184 2933 741,
1205 2860 1247 2922 20
1267 2878 1313 2939 sq.
1333 2858 1373 2922 ad
1393 2877 1430 2921 ea

279 2964 401 3029 adlusit
424 2984 503 3047 quae
522 2963 613 3029 Plato
639 2963 676 3027 de
699 2981 732 3026 rc
756 2963 843 3045 publ.
868 2963 897 3025 X
921 2964 985 3026 629
1008 2964 1035 3027 Α
1060 2965 1215 3047 exposuit,
1236 2983 1428 3047 quamquam

279 3072 343 3136 alio
368 3092 493 3155 quoque
511 3072 598 3136 fonte
622 3071 654 3134 in
678 3070 831 3135 hocloco
857 3069 1070 3137 concinnando
1094 3091 1173 3136 usus
1198 3091 1268 3137 esse
1290 3071 1428 3137 uidetur.

279 3178 393 3243 deinde
423 3197 501 3259 qnae
531 3178 605 3256 731,
636 3179 674 3242 11
707 3176 798 3240 dicit:
827 3178 922 3241 ‘mors
950 3177 1030 3242 nihil
1057 3179 1097 3242 ad
1121 3180 1244 3243 nos’et
1269 3180 1309 3243 13
1332 3178 1430 3261 ‘quod

282 3284 361 3348 nihil
380 3285 479 3349 sentit
496 3285 574 3348 nihil
597 3284 637 3348 ad
659 3290 728 3347 nos’
751 3282 798 3345 ita
820 3283 1002 3366 conspirant
1025 3304 1098 3349 cum
1121 3285 1249 3367 llpicuri
1273 3286 1430 3350 sententia

278 3389 325 3477 (p.
347 3392 399 3469 71,
419 3410 449 3454 n.
471 3392 489 3453 2
508 3391 540 3454 in
563 3387 907 3474 Usene1·iXpicureis'):
934 3387 950 3453 ὁ
969 3387 1103 3461 θάνατος
1126 3384 1212 3453 οὐδὲν
1235 3392 1310 3475 πρὸς
1332 3386 1426 3476 ἡμᾶς·

277 3498 312 3559 τὸ
334 3494 391 3580 γὰρ
416 3495 556 3559 διαλυθὲν
581 3492 764 3579 ἀναισθητεῖ·
787 3496 821 3557 τὸ
841 3496 867 3558 δ’
886 3494 1089 3581 ἀναισθητοῦν
1117 3489 1203 3559 οὐδὲν
1230 3498 1318 3579 πρὸςἼ
1333 3491 1428 3581 ἡμᾶς,

281 3606 318 3666 91
350 3602 487 3666 dubitari
519 3604 664 3683 nequeat,
698 3602 772 3682 quin
800 3602 929 3684 Epicuri
961 3601 1106 3666 libellum
1137 3602 1192 3684 qui
1218 3604 1317 3687 κύριαι
1344 3602 1429 3675 δόξαν

278 3708 464 3773 inscribitur
491 3708 523 3771 in
551 3728 618 3771 rem
643 3728 733 3773 suam
763 3707 1003 3792 conuerterit.³)
1029 3728 1182 3791 quaeres
1207 3709 1430 3790 comprobatur

328 3881 347 3949 1)
367 3881 399 3939 cf.
420 3882 486 3936 Hex.
506 3882 530 3935 V
556 3882 597 3949 14,
615 3883 651 3935 49
675 3882 708 3935 de
732 3882 799 3937 Cain
823 3886 850 3935 91
868 3882 937 3935 Abel
960 3882 989 3936 II
1012 3882 1037 3946 2,
1057 3883 1073 3936 9
1093 3881 1126 3935 de
1144 3882 1215 3935 bono
1233 3882 1329 3936 mortis
1348 3884 1373 3947 5,
1393 3884 1426 3936 21

283 3970 315 4023 de
333 3970 415 4025 Iacob
434 3971 463 4024 II
482 3973 507 4036 3,
528 3970 561 4024 12
587 3970 619 4023 (19
642 3970 743 4039 Ioseph
761 3972 787 4037 4,
808 3973 841 4024 19
864 3971 956 4024 Enarr.
975 3971 1071 4041 psalm.
1089 3970 1217 4025 XXXVII
1235 3990 1256 4025 s.
1276 3970 1311 4024 28
1331 3970 1364 4024 de
1383 3970 1427 4024 off.

281 4060 347 4113 min.
365 4059 408 4114 ΙΙΙ
426 4060 452 4125 8,
471 4060 505 4113 53
526 4059 606 4129 epist.
625 4059 668 4123 37,
688 4059 730 4114 24.

326 4151 347 4217 2)
366 4148 483 4219 respexit
506 4152 596 4201 autern
619 4146 734 4201 fortasse
758 4147 839 4200 simul
863 4164 895 4200 ea
917 4164 986 4217 quac
1009 4148 1038 4201 in
1055 4148 1178 4202 Platonis
1196 4147 1333 4218 Apologia
1349 4151 1383 4203 41
1404 4152 1428 4203 A

279 4232 416 4307 leguntur.
434 4238 547 4291 tertium
564 4236 654 4290 locum
674 4252 704 4289 ex
722 4236 867 4291 Phaedone
887 4235 1060 4306 desumptum
1077 4237 1162 4291 habes
1181 4238 1242 4300 739,
1263 4238 1305 4292 15.

328 4326 348 4393 ³)
369 4327 402 4380 cf.
422 4326 536 4381 Useneri
555 4326 629 4397 Epic.
650 4344 675 4397 p.
695 4325 748 4380 395
768 4327 868 4379 91422
