3175 5017
612 447 834 503 Praefatio.
1211 448 1299 512 LVII

147 668 177 729 p.
198 646 310 723 28⁵st
333 665 402 727 sqq.
426 645 589 729 leguntur.
615 646 737 709 certum
761 649 811 707 cst
835 642 873 707 ab
897 641 1065 707 Ambrosio
1090 641 1142 705 hic
1169 640 1300 705 eandem

148 772 228 835 quae
258 772 276 815 e
303 752 438 817 Philone
466 751 540 816 libri
568 752 584 816 Ι
611 771 690 817 sacr.
718 752 805 835 legg.
830 751 947 834 allegg.
972 768 999 814 c.
1025 750 1065 812 18
1090 749 1120 833 (Ι
1144 751 1185 812 55
1209 747 1259 825 M,
1284 750 1300 812 Ι

147 862 187 924 75
213 879 262 942 sq.
290 857 334 945 0)
356 860 522 942 proposita
545 862 595 923 est
619 857 837 941 quaestionem
859 855 999 932 tractari,
1023 859 1130 919 utrum
1150 856 1181 918 in
1201 852 1301 919 Gene-

147 966 189 1030 sis
210 986 238 1031 c.
259 968 291 1031 Π
311 986 341 1033 u.
363 968 382 1030 9
407 967 505 1030 uerba
528 962 557 1027 ἐν
583 968 665 1050 μέσῳ
689 970 739 1025 τού
763 960 948 1045 παραδείσου
964 962 1002 1025 ad
1017 965 1188 1044 utrumque
1202 980 1300 1025 mem-

145 1074 240 1137 brum
275 1093 313 1138 an
348 1073 387 1138 ad
419 1074 507 1155 prius
541 1073 646 1135 solum
678 1069 841 1133 referenda
870 1068 944 1133 sint.
978 1069 1074 1133 simul
1096 1068 1239 1133 Philonis
1268 1070 1301 1131 et

146 1180 311 1244 Ambrosii
338 1180 418 1244 locis
447 1180 530 1243 inter
558 1198 591 1242 se
621 1176 746 1242 collatis
775 1176 855 1239 hano
884 1175 1116 1255 difficultatem,
1141 1174 1299 1257 quomodo

145 1288 213 1351 fieri
247 1287 356 1369 potuit
387 1288 425 1351 nt
458 1286 537 1350 deus
568 1284 768 1349 iustissimus
797 1284 885 1347 iuxta
912 1283 1036 1367 lignum
1063 1283 1150 1351 uitae
1176 1282 1300 1365 lignum

146 1393 232 1475 quod
265 1394 379 1459 mortis
413 1411 510 1457 causa
541 1392 604 1455 fuit
633 1391 786 1473 posuerit,
819 1390 912 1454 illum
949 1390 1111 1454 subtiliter
1146 1392 1184 1453 ut
1219 1389 1301 1452 solet

146 1498 359 1582 expediuisse,
383 1498 468 1563 hunc
491 1497 677 1563 summatim
699 1499 826 1561 tantum
849 1495 887 1559 de
911 1515 949 1559 ea
974 1515 1008 1559 re
1036 1496 1150 1579 egisse.
1185 1495 1300 1559 etenim

146 1605 222 1669 dnm
252 1605 307 1670 ille
336 1606 368 1669 in
395 1604 482 1689 ligno
512 1603 663 1669 scientiae
690 1602 765 1665 boni
793 1601 932 1682 malique
965 1601 1031 1664 uim
1066 1603 1097 1665 et
1129 1601 1301 1665 essentiam

146 1712 312 1788 discernit,
332 1712 385 1775 hic
404 1712 482 1776 satis
502 1710 599 1774 habet
618 1708 850 1772 dubitationem
868 1707 957 1771 illam
976 1706 1112 1771 sortasse
1131 1706 1170 1771 ab
1189 1707 1301 1789 Apelle

145 1821 334 1881 renouatsm
372 1816 479 1899 potins
512 1815 628 1879 reicere
661 1834 756 1896 quam
785 1814 932 1878 restitere.
964 1812 1043 1895 ipsis
1077 1812 1160 1877 enim
1193 1832 1301 1877 sacrae

146 1923 323 2005 scripturae
352 1923 458 1987 uerbis
486 1921 640 2004 respectis
669 1920 831 1986 contendit
857 1921 980 2005 lignum
1009 1920 1096 1985 uitae
1120 1921 1153 1983 et
1175 1920 1300 2003 lignum

147 2030 299 2095 scientiae
324 2029 435 2095 eodem
458 2029 540 2105 loco,
564 2029 596 2092 in
619 2028 724 2093 medio
749 2026 896 2110 paradisi,
921 2027 1030 2091 fuisse.
1056 2045 1160 2109 quarn
1175 2028 1214 2091 ob
1234 2046 1299 2090 rem

146 2138 290 2214 llrasmo,
321 2134 435 2219 quiin
464 2154 560 2199 uersu
597 2136 616 2199 8
653 2138 728 2217 post
756 2134 863 2197 ‘uitae'
895 2132 925 2197 έν
959 2138 1042 2218 μέσῳ
1075 2141 1127 2195 τού
1160 2132 1301 2215 παροδεύ-

147 2264 200 2305 σοο
234 2243 383 2320 inseruit,
416 2242 586 2320 adsentior,
620 2261 693 2306 cum
731 2242 809 2305 haec
841 2240 938 2304 uerba
971 2238 1092 2304 Graeca
1123 2258 1141 2301 a
1172 2237 1300 2302 librario

145 2349 300 2414 facillime
331 2350 437 2413 omitti
465 2348 628 2432 potuerint
659 2351 691 2411 et
720 2367 756 2411 ea
784 2366 864 2428 quae
892 2348 1069 2428 sequuntur
1092 2346 1162 2409 ‘hoc
1192 2343 1300 2408 estin

145 2455 252 2521 medio
287 2455 446 2539 paradiso'
478 2459 542 2521 tale
571 2456 830 2539 supplementum
857 2453 1001 2536 flagitare
1029 2452 1206 2515 uideantur.
1236 2450 1299 2514 iam

146 2561 200 2626 ubi
234 2563 413 2645 scripturae
446 2563 552 2627 uerbis
586 2562 808 2642 comprobauit
838 2560 1027 2624 Ambrosius
1058 2558 1180 2641 lignum
1214 2557 1300 2621 uitae

145 2668 176 2731 in
209 2668 320 2734 medio
353 2670 498 2752 paradiso
529 2669 641 2750 fuisse,
673 2668 707 2731 id
740 2668 769 2731 ei
802 2667 958 2751 agendum
992 2670 1067 2745 erat,
1105 2668 1143 2729 ut
1177 2665 1316 2747 lignum¹

147 2775 302 2840 scientiae
330 2776 406 2839 boni
435 2779 467 2840 et
493 2776 570 2841 mali
598 2794 616 2839 a
644 2774 702 2840 deo
727 2775 837 2839 eodem
860 2774 931 2837 loco
954 2773 1094 2855 positum
1121 2791 1191 2835 esse
1215 2771 1301 2835 enin·

148 2886 243 2947 ceret.
279 2888 424 2965 expectes
452 2882 552 2967 igitur
580 2900 652 2946 eum
682 2883 855 2946 orationem
885 2882 932 2945 ita
964 2879 1214 2944 continuauisse:
1246 2878 1302 2941 ‘ait

146 3008 239 3070 porro
264 2990 318 3052 aad
340 2990 372 3051 τύ
401 2987 488 3060 ξύλον
512 2997 563 3051 τού
592 2986 700 3051 εἰδέναι
721 2989 850 3066 γνωστὸν
876 2986 974 3049 καλοῦ
1001 2988 1052 3049 καὶ
1078 2993 1221 3070 πονηροῦ.
1250 2984 1300 3047 his

81 3152 84 3160 .
148 3095 231 3159 enim
266 3102 350 3173 ...,'
379 3094 494 3175 quibus
522 3094 554 3159 in
582 3094 689 3159 uerbis
709 3093 795 3179 ,illud
817 3096 869 3155 καὶ
891 3096 963 3157 ante
987 3094 1020 3154 τύ
1044 3092 1131 3164 ξύλον
1159 3110 1301 3173 premen-

149 3202 224 3265 dum
257 3204 319 3267 ssi.
354 3205 448 3283 atque
475 3220 508 3265 re
536 3220 611 3265 uera
640 3201 672 3264 in
701 3199 865 3264 codicibus
893 3200 1024 3263 uerbum
1054 3198 1121 3262 ‘ait'
1144 3197 1302 3280 excipiunt

147 3308 274 3372 litt-erae
306 3308 439 3389 aliquot,
464 3308 580 3390 quibus
604 3307 702 3371 uerba
727 3305 849 3371 Graeca
876 3307 936 3370 boc
963 3307 1032 3370 loco
1065 3305 1171 3387 posita
1201 3303 1302 3368 fuisse

147 3414 319 3491 indicatur,
345 3414 401 3478 sed
424 3417 490 3478 tam
514 3414 677 3493 obscurae,
700 3418 738 3477 ut
762 3413 839 3496 quid
862 3413 939 3478 olim
958 3412 1112 3493 scriptum
1132 3410 1229 3475 fuerit
1247 3411 1299 3474 uix

148 3520 322 3587 diuinando
348 3540 455 3586 eruere
478 3521 582 3586 liceat.
605 3524 722 3599 tamen,
741 3520 803 3586 nisi
821 3520 922 3598 fallor,
946 3519 978 3583 in
1002 3519 1051 3583 his
1070 3518 1185 3582 litteris
1205 3518 1304 3581 uerba

146 3624 298 3711 (ἐγέννησε
313 3636 445 3713 πονηροῦ
461 3628 522 3693 his'
537 3627 635 3692 latere
650 3628 807 3692 uidentur.
825 3630 919 3709 atque
935 3623 1072 3709 ἐγέννησε
1087 3644 1161 3689 sane
1175 3643 1302 3705 respon-

149 3734 201 3798 det
233 3734 264 3797 ei
299 3733 384 3814 quod
413 3753 486 3797 mox
519 3734 663 3815 sequitur
695 3732 905 3816 produxerit.
940 3751 1021 3814 quae
1053 3731 1082 3795 si
1108 3750 1184 3795 uera
1216 3734 1301 3807 sunt,

146 3840 230 3905 hunc
254 3839 364 3903 locum
387 3840 503 3904 lacuna
526 3839 682 3904 adfectum
708 3844 804 3922 atque
828 3838 1028 3904 scribendum
1053 3857 1123 3901 esse
1147 3837 1300 3901 conicias:

148 3948 193 4009 ait
226 3945 380 4031 (fortasse
411 3966 483 4009 cccc
515 3946 568 4011 uel
590 3966 689 4027 porro
717 3945 897 4010 addendum
921 3945 982 4031 est)
1010 3943 1146 4029 ἐγέννησε
1170 3945 1246 4017 <aul
1269 3945 1301 4004 τύ

149 4052 236 4124 ξύλον
266 4060 319 4114 τού
350 4050 457 4115 sittace
484 4054 613 4132 γνωστὸν
641 4054 738 4115 καλού
770 4057 844 4123 acl>
878 4062 1025 4138 πονηρού;
1058 4050 1107 4115 tte
1129 4050 1212 4115 cuim

150 4159 206 4222 sed
232 4177 305 4222 eum
333 4176 429 4239 quam
451 4159 607 4225 incertum
630 4160 690 4224 hoc
714 4163 931 4224 commentum
955 4160 998 4223 sit
1019 4159 1088 4241 ipse
1107 4158 1302 4241 intellegam,

149 4266 230 4330 nihil
264 4263 354 4328 aliud
387 4270 488 4330 restat
519 4265 580 4331 nisi
613 4270 651 4330 ut
683 4266 900 4350 sagacioribus
932 4266 1016 4329 hunc
1048 4267 1156 4329 locum
1189 4263 1303 4328 erami-

149 4372 299 4436 naudnm'
317 4372 413 4451 atque
437 4372 665 4437 emendandum
688 4373 873 4454 relinquam.
