3175 5017
274 445 421 511 LXXXII
736 441 957 497 Praefatio.

275 638 444 702 ornandam
460 640 622 720 tamquam
642 656 677 701 er
696 637 878 703 lautissima
897 638 1092 720 supellectili
1112 639 1293 704 desumeret
1310 638 1422 703 eodem

273 746 364 828 plane
388 745 482 809 modo
507 764 568 829 quo
594 764 662 811 earn
685 745 902 810 locutionibus
920 744 1113 831 Uergilianis
1133 746 1224 827 quasi
1243 746 1422 811 luminibus

274 852 352 917 satis
376 852 558 935 frequenter
581 851 734 916 distinxit.
758 852 839 917 tales
859 853 948 918 locos
968 853 995 917 si
1015 872 1126 919 omnes
1144 853 1281 919 indicare
1299 854 1422 919 uoluis-

274 978 352 1037 sem,
376 979 415 1025 ne
438 959 536 1024 nimia
557 960 641 1025 molo
667 959 828 1025 adnotatio
853 959 1039 1025 obrueretur
1060 960 1234 1025 uerendum
1257 964 1334 1025 erat.
1365 961 1423 1025 sed

272 1068 304 1131 in
329 1067 498 1132 uerborum
522 1067 626 1132 indice
649 1066 733 1132 unde
758 1067 907 1133 uocabuli
926 1068 980 1133 nel
996 1068 1168 1134 locationis
1187 1068 1323 1134 alicuius
1341 1088 1421 1134 usus

274 1174 427 1259 originem
455 1175 586 1240 traxerit
611 1174 731 1240 talibus
761 1174 842 1239 loeis
866 1174 997 1240 adiectis
1020 1176 1243 1243 illustrabitur.
1281 1181 1422 1242 ceterum

272 1283 304 1347 in
335 1283 573 1368 euangeliorum
600 1282 679 1347 locis
710 1282 937 1365 significandis,
966 1283 993 1347 si
1025 1283 1214 1367 scriptorum
1237 1284 1423 1350 testimonia

272 1389 354 1453 inter
386 1410 419 1453 se
452 1389 664 1468 consentiunt,
694 1389 772 1454 satis
806 1409 876 1455 esse
909 1389 983 1454 duxi
1016 1390 1116 1456 solius
1144 1391 1300 1457 Matthaei
1331 1390 1421 1455 locos

273 1496 402 1576 adferre,
427 1516 499 1561 cnm
527 1500 704 1563 ceterorum
732 1498 1002 1582 euangelistarnm
1030 1498 1093 1562 loci
1120 1498 1212 1563 facile
1241 1517 1278 1563 ex
1309 1497 1421 1563 editio·

273 1603 364 1668 nibus
393 1604 571 1687 permultis,
597 1603 627 1668 in
653 1604 768 1686 quibus
798 1604 879 1668 infra
902 1603 1018 1668 adiecti
1043 1589 1126 1684 sunt,
1150 1604 1254 1668 ueluti
1276 1623 1313 1668 ex
1338 1603 1420 1669 Geb-

272 1710 435 1774 hardtiana
459 1693 619 1795 cognosci¹
632 1712 766 1793 possint.

317 1817 469 1899 Superest
494 1820 530 1881 ut
563 1836 658 1900 qnam
690 1818 844 1883 rationem
877 1817 908 1881 in
942 1819 988 1883 eis
1022 1838 1102 1901 quae
1135 1817 1175 1882 ad
1208 1818 1419 1903 orthogra-

270 1924 403 2007 phiam
435 1924 593 2005 pertinent
625 1925 787 2007 amplexus
822 1925 883 1991 sim
915 1924 1055 1989 breuiter
1087 1944 1249 2007 exponam.
1289 1944 1352 2007 qua
1384 1926 1417 1989 in

271 2053 303 2096 re
338 2032 364 2095 si
398 2032 542 2097 codicum
578 2032 693 2115 quibus
727 2032 846 2117 singuli
877 2032 950 2097 libri
977 2033 1179 2098 Ambrosiani
1206 2032 1315 2098 traditi
1344 2035 1420 2097 sunt

273 2139 429 2204 scribendi
463 2136 724 2205 consuetudinem
753 2141 784 2205 in
813 2139 1006 2205 recensendo
1035 2144 1164 2206 secutus
1193 2160 1308 2219 essem,
1335 2142 1419 2204 male

271 2246 338 2311 sine
376 2245 472 2311 dubia
510 2246 547 2310 de
580 2246 748 2311 Ambrosio
786 2246 1029 2313 consuluissem.
1068 2268 1139 2312 narn
1177 2267 1250 2313 cum
1282 2247 1314 2311 in
1346 2247 1418 2313 aliis

269 2353 359 2417 libris
393 2353 524 2436 antiqui,
557 2353 588 2417 in
622 2353 693 2418 aliis
726 2355 917 2420 recentiores
950 2357 1076 2419 tanturn
1104 2355 1230 2420 codices
1258 2354 1351 2419 nobis
1379 2354 1419 2419 ad

270 2480 381 2525 monus
411 2460 485 2539 sint,
515 2460 672 2545 quomodo
701 2480 819 2544 quaeso
848 2461 898 2526 his
931 2462 1062 2527 eandem
1095 2481 1191 2546 quarn
1224 2462 1290 2527 illis
1317 2460 1418 2528 ,fidem

269 2568 407 2632 tribuere
438 2567 607 2633 licuisset?
637 2567 736 2636 immo
770 2568 894 2634 codices
927 2569 1153 2653 antiquissimi,
1187 2569 1241 2651 qui
1277 2568 1417 2652 proxime

270 2673 310 2738 ad
340 2675 501 2739 Ambrosii
534 2679 669 2741 aetatem
690 2672 872 2756 ‘accedunt
910 2679 1074 2760 tamquam
1110 2676 1282 2741 certissimi
1318 2676 1416 2741 duces

269 2780 408 2867 eligendi
436 2785 532 2847 erant.
566 2782 600 2847 hi
626 2786 734 2848 autem
757 2787 835 2849 sunt
855 2787 981 2866 praeter
1001 2783 1238 2849 Aurelianensis
1261 2783 1411 2866 reliquias

180 2891 182 2897 ’
270 2908 364 2972 snpra
388 2892 648 2955 commemoratas
671 2890 881 2956 Bononiensis
905 2891 986 2978 321)
1012 2897 1044 2955 et
1065 2890 1293 2956 Ambrosianus
1317 2891 1349 2955 H
1374 2890 1415 2954 78

270 3015 351 3079 serp,
389 3016 451 3077 quo
489 2997 642 3080 expositio
683 2997 715 3061 in
758 2997 960 3081 euangelium
999 2998 1103 3063 Lucae
1144 2999 1334 3079 continetur,
1377 2996 1416 3061 ab

268 3101 416 3188 Augusto
451 3103 675 3169 Reifferscheid
702 3105 786 3170 Bibl.
815 3107 895 3188 patr.
922 3104 992 3170 Lat.
1019 3105 1092 3169 Ital.
1120 3104 1152 3169 ll
1179 3105 1199 3167 5
1228 3104 1416 3187 descriptus,

268 3211 396 3295 septimi
420 3213 552 3292 uterque
577 3212 707 3290 saeculi,
731 3229 925 3295 quamquam
948 3230 987 3275 ne
1009 3211 1043 3275 hi
1066 3210 1194 3293 quidem
1216 3210 1248 3275 in
1268 3211 1416 3277 omnibus

267 3319 362 3383 rebus
387 3318 467 3382 inter
492 3337 524 3383 se
550 3318 740 3402 conspirant,
768 3317 852 3383 unde
878 3318 1025 3383 librarios
1054 3337 1116 3382 non
1143 3337 1252 3383 ueram
1279 3316 1415 3400 exempli

267 3424 421 3508 propositi
447 3424 621 3509 imaginem
649 3424 852 3508 expressisse,
882 3425 938 3489 sed
966 3444 1024 3489 suo
1054 3444 1211 3508 quemque
1239 3424 1270 3489 in
1300 3423 1416 3489 descri-

266 3532 367 3596 bendo
387 3550 472 3597 more
491 3551 587 3597 usum
607 3552 677 3597 esse
692 3535 790 3615 patet.
814 3532 846 3596 in
865 3531 975 3615 primis
991 3533 1098 3595 autem
1112 3530 1345 3595 Bononiensem
1360 3530 1415 3612 qui

268 3638 435 3723 diligenter
457 3639 646 3722 respiciatur
669 3639 801 3723 dignum
825 3657 895 3703 esse
918 3638 1035 3703 iudico.
1058 3638 1144 3704 hunc
1165 3637 1266 3721 igitur
1284 3638 1415 3701 secutus

268 3766 390 3829 semper
413 3745 526 3828 scripsi
549 3744 686 3810 Istrahel
708 3743 853 3810 Salomon
876 3745 1065 3809 thensauros
1086 3764 1178 3809 amor
1195 3742 1323 3808 umidas
1342 3742 1414 3807 alia.

266 3853 322 3918 sed
349 3872 584 3935 nonnumquam
611 3853 650 3917 ab
677 3852 830 3918 librorum
863 3850 1157 3935 antiquissimorum
1186 3849 1415 3916 consuetudine

267 3980 316 4024 rne
339 3959 510 4024 recessisse
533 3960 642 4025 fateor.
667 3960 713 4024 sic
736 3960 768 4024 in
791 3959 909 4038 uerbis,
938 3960 1054 4043 quibus
1077 3957 1265 4039 flitteram,
1288 3975 1349 4021 non
1366 3954 1415 4037 pb

267 4066 417 4149 scriptam
442 4066 634 4145 inuenimus,
658 4066 759 4131 ueluti
773 4066 911 4150 profata,
931 4066 1101 4148 farisaeae,
1126 4083 1326 4131 communem
1349 4065 1415 4146 ple

311 4291 332 4359 ¹)
357 4290 419 4345 uide
448 4308 517 4361 quae
545 4292 578 4345 de
607 4292 698 4345 codice
727 4294 775 4346 illo
804 4294 832 4346 in
860 4292 1029 4363 praefatione
1053 4292 1139 4361 partis
1163 4292 1275 4345 alterius
1299 4308 1325 4359 p.
1349 4289 1414 4343 XXl

267 4398 383 4450 exposur.
