3175 5017
632 422 853 477 Praefatio.
1210 424 1318 488 XXIII

170 614 248 679 libro
274 616 312 680 de
335 617 481 697 paradiso
505 618 591 682 haud
615 637 717 701 pauca
740 636 776 683 en
799 617 933 682 Philone
957 617 1163 701 deprompsit,
1187 617 1219 681 in
1247 618 1317 695 hoc,

172 740 231 803 quo
255 723 348 787 illum
372 727 479 805 aperte
498 722 657 809 significat
676 724 766 807 (867,
787 723 862 810 3),¹)
880 722 927 788 ita
946 723 1014 787 eius
1033 723 1152 805 pressit
1169 722 1317 807 uestigia,

171 831 206 899 ut
233 848 408 912 numquam
435 830 500 895 fere
524 831 562 895 ab
587 850 623 896 eo
648 830 836 895 discederet.
874 849 910 894 ac
933 849 967 894 re
990 848 1067 895 uera
1090 848 1169 912 quae
1193 829 1319 894 Tullius

170 935 209 999 ad
231 934 377 1001 Atticum
401 936 476 1022 (XII
496 939 550 1017 52,
570 938 603 1024 3)
624 938 754 1021 scripsit
772 937 811 1001 de
829 935 921 1001 libris
940 936 1008 1001 suis
1027 936 1067 1000 ad
1084 935 1319 1019 philosophiam

170 1044 398 1124 spectantibus,
419 1064 498 1126 quos
521 1047 588 1109 tam
611 1045 702 1109 breui
724 1043 879 1129 temporis
904 1042 1007 1127 spatio
1033 1043 1182 1109 confecit:
1205 1043 1318 1107 ‘dicesz

170 1149 224 1233 qui
256 1150 334 1216 talia
366 1151 562 1216 conscribis?
600 1148 764 1238 ἀπόγραφα
801 1155 891 1215 sunt:
928 1151 1049 1216 minore
1080 1151 1187 1215 labore
1223 1149 1318 1226 fiunt;

169 1256 267 1321 uerba
299 1260 424 1323 tantum
456 1258 584 1336 adfero',
618 1276 655 1322 ea
688 1257 726 1322 de
759 1258 820 1324 hoc
853 1258 988 1341 aliisque
1023 1256 1114 1323 libris
1150 1257 1218 1321 suis
1250 1257 1319 1321 iure

170 1362 274 1427 dicere
297 1365 404 1447 potuit
426 1365 627 1431 Ambrosius.
666 1366 839 1431 sententias
867 1367 1034 1430 mutuatus
1063 1367 1113 1428 est
1134 1384 1153 1428 a
1174 1362 1318 1440 Philone,

169 1469 266 1533 uerba
290 1470 328 1535 de
352 1490 410 1537 suo
434 1472 569 1538 addidit.
592 1490 829 1555 nonnumquam
853 1490 928 1536 sane
951 1471 1165 1555 digressiones
1185 1470 1320 1535 intexuit

169 1574 323 1641 librorum
351 1578 531 1645 diuinorum
559 1580 639 1645 locis
666 1581 804 1657 ornatas,
827 1576 1005 1661 praeceptis
1029 1577 1203 1642 moralibus
1226 1577 1319 1641 refer-

170 1684 229 1761 tas,
260 1683 376 1765 quihus
404 1685 500 1749 rebus
528 1684 702 1750 sacerdotis
730 1684 806 1748 boni
834 1682 975 1747 officium
1002 1682 1139 1747 fideliter
1170 1682 1319 1768 expleuit,

171 1790 275 1853 cetera
298 1791 403 1855 omnia
425 1791 553 1857 Philoni
576 1791 739 1858 debentur.
764 1794 859 1874 atque
883 1790 916 1854 in
937 1789 1039 1872 priore
1057 1789 1153 1853 huius
1173 1789 1320 1871 opusculi

169 1898 256 1977 parte
282 1894 311 1977 (I
335 1899 367 1959 et
389 1897 421 1961 Π
445 1916 472 1962 1.
498 1898 597 1979 1-6)
621 1897 809 1981 plerumque
833 1897 1002 1979 diligenter
1025 1900 1155 1961 secutus
1179 1899 1229 1961 est
1246 1896 1319 1960 Phi·

169 2002 250 2066 lonis
276 2002 314 2065 de
339 2003 502 2068 sacrificiis
521 2004 602 2068 Abel
626 2008 658 2069 ct
681 2004 758 2071 Cain
781 2004 856 2069 libri
865 2003 892 2091 ²)
911 2004 1070 2069 sectiones
1088 2004 1163 2069 inde
1182 2004 1320 2086 aprima

170 2126 272 2189 usque
301 2108 341 2172 ad
370 2110 656 2194 quadragesimam,
681 2112 726 2176 ita
752 2114 860 2175 tamen
888 2114 925 2175 ut
952 2130 1014 2176 non
1038 2130 1163 2194 semper
1185 2110 1319 2176 eundem

170 2213 200 2277 in
230 2216 422 2299 disputando
451 2218 594 2283 ordinem
625 2222 776 2285 seruaret.
800 2221 963 2303 praeterea
985 2217 1132 2281 adhibuit
1154 2217 1320 2297 Quaestio·

171 2340 246 2385 num
274 2323 306 2386 in
336 2322 486 2389 Genesim
514 2325 587 2389 libri
615 2325 709 2407 primi
738 2326 843 2408 capita
869 2325 1014 2389 68-64.
1050 2324 1082 2389 in
1111 2326 1209 2388 altera
1230 2325 1318 2405 parte

170 2429 308 2511 respexit
331 2431 472 2496 eiusdem
495 2433 569 2497 libri
592 2434 698 2516 capita
718 2434 848 2498 65--76
869 2435 902 2497 et
919 2430 1008 2497 locos
1032 2432 1154 2514 aliquot
1173 2428 1318 2512 opusculi

171 2535 255 2616 quod
277 2536 477 2621 inscribitur:
501 2540 567 2623 περὶ
596 2548 648 2603 rob
671 2540 704 2601 τὸ
727 2549 830 2625 χεῖρον
853 2546 894 2621 τῷ
917 2542 1059 2622 κρείττονι
1088 2535 1341 2620 interemtam).

170 2643 278 2706 utrum
302 2646 410 2708 autem
435 2646 510 2722 339,
537 2646 577 2710 10
601 2645 770 2711 Ambrosio
794 2646 867 2710 libri
886 2644 1065 2710 Philoniani
1089 2644 1127 2709 de
1148 2643 1318 2710 Cherubim

153 2744 248 2815 'sect
279 2750 320 2813 35
356 2770 393 2815 an
428 2748 558 2829 Quaest.
585 2752 618 2816 in
647 2750 725 2817 Gen.
748 2753 770 2817 l.
794 2754 811 2817 Ι
834 2772 861 2817 c.
887 2753 928 2816 58
959 2754 1031 2816 ante
1059 2750 1169 2816 oeulos
1193 2753 1320 2814 uersata

172 2855 244 2933 sint,
278 2875 351 2920 cum
384 2861 519 2942 utroque
551 2859 621 2924 loco
656 2859 764 2924 eadem
802 2859 1031 2934 contineantur,
1063 2858 1118 2922 11111
1154 2856 1321 2921 diiudicari

169 2961 323 3047 potest.⁴)
355 2964 498 3029 Philonis
532 2967 619 3031 locos
652 2966 743 3029 libris
773 2965 842 3030 eius
871 2984 944 3029 oum
971 2964 1081 3028 libello
1110 2962 1318 3028 Ambrosiano

172 3068 340 3153 diligenter
372 3071 496 3135 collatis
530 3071 679 3137 ednotaui
710 3073 742 3135 in
777 3071 1014 3148 commentario,
1048 3089 1111 3152 qua
1142 3072 1173 3133 in
1205 3088 1238 3132 re
1272 3068 1318 3132 eis

172 3194 250 3241 usus
284 3195 356 3240 sum
385 3193 464 3259 quae
490 3176 524 3243 0.
549 3178 706 3263 Siegfried
733 3178 807 3243 libri
835 3178 890 3260 qui
917 3177 1102 3243 inscribitur
1129 3176 1231 3241 ‘Philo
1259 3195 1319 3240 von

217 3363 237 3435 ¹)
257 3364 383 3435 designat
405 3367 528 3421 Philonis
551 3368 635 3423 uerba
658 3368 691 3423 de
715 3386 781 3426 sacr.
807 3368 838 3423 18
864 3368 889 3435 (I
913 3369 974 3431 175,
999 3368 1032 3421 18
1050 3367 1109 3434 M.;
1126 3366 1141 3420 I
1159 3366 1256 3431 2202
1279 3365 1319 3434 0.)

172 3451 283 3525 troque
302 3452 378 3525 ’ἔργον
397 3450 431 3527 ἢν
451 3454 538 3509 αὐτοῦ.
648 3502 650 3509 ,

216 3540 237 3612 ²)
255 3543 398 3613 pristinam
424 3544 504 3598 huius
528 3545 592 3599 libri
616 3546 731 3600 formem
755 3547 815 3615 ipso
835 3546 977 3599 Ambrosio
1001 3547 1030 3599 ct
1052 3544 1179 3613 Mangeio
1205 3542 1318 3597 ducibus

171 3631 293 3685 restituit
311 3633 342 3686 P.
361 3632 515 3687 Wendland
534 3634 605 3701 (Neu
624 3635 769 3689 entdeclrte
793 3636 957 3703 Fragmenta
975 3633 1079 3689 Philos.
1097 3631 1220 3687 Berolini
1240 3630 1318 3691 1881,

171 3737 196 3787 p.
217 3720 277 3783 125,
302 3726 383 3790 sqq).
408 3722 543 3776 sectiones
567 3723 637 3777 enirn
660 3724 732 3788 libu‘,
758 3723 805 3793 qni
829 3723 911 3791 uulgo
935 3723 964 3776 in
988 3722 1154 3776 editionibus
1177 3719 1263 3773 fertur
1281 3719 1320 3772 sie

171 3809 317 3879 inscriptus
343 3810 386 3864 ‘de
410 3811 533 3865 mercede
559 3812 702 3865 meritricis
727 3828 781 3865 non
808 3810 966 3882 accipienda
989 3811 1018 3863 in
1044 3809 1198 3863 sacrarium*
1223 3806 1252 3860 II
1277 3806 1320 3861 ΙΙΙ

170 3898 227 3952 1111
252 3898 414 3953 inserendae
437 3903 503 3954 sunt
526 3902 641 3955 sectioni
658 3900 683 3954 V
700 3901 764 3954 libri
790 3900 823 3954 de
850 3900 988 3954 sacrificiis
1014 3899 1082 3955 Cain
1108 3901 1136 3952 et
1160 3895 1231 3951 Abel
1256 3898 1320 3949 aute

171 3988 255 4041 uerba
272 3995 321 4059 τῆς
341 3990 387 4058 μὲν
406 3980 451 4039 οὖν
470 3986 641 4057 περικαλλοῦς
659 3988 793 4058 simulque
817 3986 933 4043 delenda
955 3988 1038 4042 uerba
1057 3986 1102 4039 hdo
1120 3986 1170 4057 γὰρ
1187 3984 1264 4056 ἡμῶν
1277 4026 1283 4038 .
1296 4026 1319 4038 .,

168 4074 268 4146 ταύτης
288 4074 356 4129 ἐστὶν
370 4074 455 4148 ’ἀρετή
475 4076 554 4130 initio
574 4076 703 4130 sectionis
722 4077 844 4144 alterins,
863 4094 932 4146 quae
951 4077 1059 4129 inseot.
1074 4074 1175 4127 Vlibri
1190 4072 1319 4126 11111111-

171 4163 238 4217 ficiis
257 4168 406 4218 recurrunt.
681 4157 684 4165 ’

216 4252 237 4319 ³)
256 4253 319 4317 401,
342 4252 386 4316 10;
406 4253 468 4317 402,
488 4257 517 4319 5;
537 4255 598 4320 406,
618 4256 634 4309 5
655 4257 683 4307 et
702 4255 730 4318 r;
750 4255 812 4319 406,
832 4255 861 4318 6,
881 4254 942 4316 408,
962 4256 987 4309 3.

210 4342 237 4409 ⁴)
257 4343 291 4397 cf.
310 4341 465 4397 Wandland
483 4362 509 4413 p.
530 4344 580 4397 128
600 4343 661 4396 adn.
682 4345 706 4397 1.
