3175 5017
255 464 320 526 620
731 454 933 509 Ambrosii

254 654 370 736 quibus
395 651 576 736 congregati
597 651 657 714 filii
680 649 834 714 ecclesiae
857 667 991 732 regnum
1011 646 1129 712 Christi
1154 645 1407 711 sacratissimum

256 762 473 843 propagarunt
495 757 661 822 uenientes
685 756 724 818 ab
743 755 865 819 oriente
885 756 980 836 atque
1000 753 1173 832 occidente,
1193 752 1408 836 septentrione

255 884 291 930 ac
314 865 457 929 meridie.
482 863 721 946 quadrupertito
744 862 845 946 igitur
862 863 961 926 latere
981 863 1090 925 sancta
1109 859 1242 924 surrexit
1261 859 1407 925 ecclesia.

255 972 348 1035 decas
381 990 507 1054 quoque
531 991 567 1034 er
593 971 657 1035 isto
686 987 816 1034 numero
846 967 1000 1052 adsurgit.
1034 967 1063 1032 si
1090 966 1173 1032 enim
1198 968 1344 1031 annectas
1369 967 1407 1030 ab

254 1098 317 1143 uno
337 1097 439 1158 usque
460 1063 620 1160 quattuor,
640 1077 701 1142 hoc
720 1076 814 1142 modo
835 1075 989 1140 decimam
1009 1075 1117 1140 facies.
1142 1078 1280 1157 conputa
1297 1094 1406 1142 unum.
1441 1093 1454 1130 ⁵

256 1184 335 1249 adde
359 1184 407 1248 illi
436 1184 514 1249 duo:
548 1183 629 1249 fiunt
650 1187 727 1249 tros.
760 1183 840 1248 adde
865 1183 968 1247 tribus
991 1185 1070 1247 tres:
1103 1179 1184 1246 fiunt
1212 1201 1274 1247 scr.
1308 1185 1340 1246 et
1368 1181 1407 1244 ad
1474 1180 1498 1233 Ι)

256 1309 310 1354 ser
334 1291 413 1355 eddo
437 1294 601 1374 quattuor:
625 1291 707 1355 fiunt
730 1290 851 1354 decem.
874 1293 974 1354 tetras
998 1289 1098 1373 igitur
1121 1289 1276 1353 decimam
1296 1288 1406 1370 inplet,

256 1396 349 1461 decas
373 1413 541 1462 numerum
565 1416 691 1462 omnem
714 1396 937 1481 conplectitur.
963 1399 1113 1478 quattuor
1136 1415 1261 1480 quoque
1285 1399 1406 1460 aetates

255 1506 330 1567 sunt
353 1503 504 1568 hominis:
533 1503 671 1588 pueritia
694 1503 912 1568 adulescentia
939 1503 1090 1568 iuuentus
1120 1503 1297 1568 maturitas.
1331 1521 1407 1586 pau-

254 1609 345 1673 latim
369 1610 514 1695 adsurgit
537 1614 570 1675 et
591 1610 743 1675 fundatur
761 1610 926 1692 sapientia.
951 1610 1059 1692 itaque
1078 1627 1203 1674 summa
1220 1609 1406 1692 prudentiae
1425 1628 1453 1667 10

255 1720 367 1798 quarto
402 1720 543 1782 aetatum
577 1717 685 1781 ordine
717 1717 819 1781 uenit.
851 1717 1028 1799 meritoque
1061 1716 1121 1780 etsi
1149 1716 1220 1797 quis
1248 1719 1320 1780 anto
1344 1716 1404 1780 sub

255 1841 329 1906 rege
361 1825 499 1907 Aegypti
531 1825 603 1902 fuit,
636 1823 819 1888 maturioris
851 1826 957 1887 tamen
989 1826 1093 1888 aetate
1122 1821 1247 1888 consilii
1275 1823 1338 1887 exit
1366 1823 1404 1886 de

254 1931 413 2011 potestate
438 1931 506 1995 eius
530 1934 563 1996 et
584 1931 690 2014 legem
714 1929 776 1994 sibi
801 1929 947 2013 agnoscit
970 1929 1173 2013 sequendam.
1205 1932 1283 1993 tunc
1309 1927 1348 1994 fit
1375 1928 1405 1992 ei
1477 1928 1498 1980 Ε

255 2035 340 2100 uitae
359 2037 455 2102 istius
474 2057 559 2102 mare
577 2037 736 2120 peruium.
759 2036 874 2102 similis
892 2037 972 2102 ratio
992 2040 1043 2102 est
1060 2037 1111 2102 his
1131 2055 1211 2119 quae
1230 2037 1406 2122 gignuntur

255 2143 334 2208 solo.
371 2143 427 2208 ubi
466 2163 573 2209 semen
612 2163 757 2226 sparsum
794 2143 902 2218 fuerit,
939 2144 1035 2209 liumo
1069 2144 1209 2208 soluitur
1239 2144 1271 2207 et
1299 2142 1403 2225 primo
1424 2160 1452 2199 1⁵

254 2249 433 2332 prorumpit
463 2250 495 2314 in
527 2251 676 2327 radicem,
711 2250 823 2315 deinde
851 2250 1016 2333 germinat,
1045 2250 1198 2316 formatur
1223 2249 1347 2314 fructus
1372 2253 1405 2312 et

255 2358 366 2438 postea
402 2356 599 2421 maturescit.
637 2357 763 2420 arbores
801 2375 926 2438 quoque
963 2357 1050 2439 ipsae
1087 2356 1225 2438 primum
1261 2355 1401 2420 fructum

254 2464 368 2540 ferunt,
398 2463 509 2527 deinde
535 2463 604 2546 ipse
633 2461 788 2528 adolescit
810 2463 944 2544 fructus,
969 2482 1100 2528 accessu
1122 2463 1274 2545 temporis
1298 2465 1404 2525 mutat

255 2568 403 2647 colorem,
428 2573 539 2652 quarto
564 2569 671 2634 ordine
694 2574 942 2648 consummatur,
971 2572 1032 2635 hoc
1059 2575 1109 2634 est
1136 2567 1323 2634 nouissimo.
1356 2569 1403 2633 ita

255 2692 328 2758 ergo
353 2679 386 2739 et
409 2695 466 2740 nos
489 2677 521 2740 in
545 2678 604 2741 hac
628 2681 711 2740 terra
734 2677 923 2741 adflictionis
941 2677 1102 2761 fugiamus
1121 2678 1235 2740 lateres
1253 2674 1401 2753 formare,
1420 2695 1450 2732 so

253 2781 309 2844 sed
336 2782 457 2866 gemitu
487 2786 519 2847 et
541 2783 680 2848 lacrimis
703 2802 913 2867 prouocemus
938 2783 1057 2849 domini
1080 2782 1339 2860 misericordiam,
1364 2783 1401 2845 ut
1472 2781 1494 2834 F

253 2888 361 2953 mittat
383 2889 475 2954 nobis
498 2890 632 2973 Moysen
656 2895 688 2953 et
710 2891 825 2969 Aaron,
850 2890 910 2954 hoc
935 2897 985 2954 est
1007 2891 1111 2974 legem
1136 2894 1168 2955 ct
1191 2889 1400 2966 sacerdotem,

253 2994 309 3057 sed
340 2996 432 3059 illurn
464 3016 577 3061 uerum
610 2997 807 3062 sacerdotem
839 3000 871 3061 et
904 2997 1103 3062 sacerdotum
1130 2997 1315 3078 principem,
1344 2997 1400 3077 qui

251 3101 329 3166 licet
359 3101 441 3166 inter
477 3103 621 3168 homines
658 3106 848 3181 uersaretur,
887 3103 1053 3168 dicebatur
1089 3123 1182 3168 ecce
1219 3102 1399 3185 spiritus

339 3327 374 3381 20
393 3327 476 3381 Erod.
497 3329 520 3391 1,
542 3329 575 3382 14
629 3329 663 3382 23
682 3329 781 3384 Psalm.
804 3328 908 3414 CVIllI
926 3331 943 3382 4
961 3329 1044 3383 Hebr.
1064 3332 1089 3394 5,
1108 3331 1124 3383 6
1140 3332 1168 3382 et
1185 3329 1229 3392 10;
1250 3321 1275 3392 7,
1296 3330 1338 3382 17.
1353 3330 1396 3382 21.

250 3415 294 3470 24.
313 3415 347 3469 26
403 3417 438 3470 24
457 3416 555 3470 Thren.
574 3418 601 3481 4,
620 3417 655 3472 20

284 3558 300 3610 2
321 3560 401 3626 atque
420 3559 454 3612 ab
474 3558 614 3612 occidente
632 3559 660 3612 B
704 3560 721 3613 3
740 3577 772 3613 uc
789 3558 843 3612 PG
859 3563 887 3613 et
905 3566 953 3614 ccl.
1018 3559 1224 3628 quadrupertito
1243 3559 1271 3612 P
1287 3558 1307 3626 (i
1324 3575 1346 3612 s.
1365 3561 1395 3624 u)

248 3644 445 3716 quadripertito
459 3647 559 3700 T‘DM
576 3647 773 3718 quadripartito
788 3647 873 3702 NBO
907 3650 922 3702 7
939 3651 966 3703 et
981 3648 1088 3702 fiuntB
1142 3646 1284 3716 decimam]
1302 3646 1394 3702 decem

248 3733 311 3787 DN
398 3735 507 3790 8.ΠΙ[.
527 3735 556 3789 Ρ
644 3736 677 3790 10
697 3740 725 3789 et
742 3735 874 3790 fundatur
892 3738 934 3802 (in
950 3754 1000 3807 usp.
1019 3738 1071 3805 ias.
1090 3741 1148 3802 m2)
1168 3740 1197 3801 et
1217 3735 1352 3805 sapientia
1370 3735 1398 3788 P

283 3821 443 3891 prudentiae
461 3825 489 3878 P
506 3823 652 3894 prudentia
673 3825 733 3878 PB
789 3826 820 3878 11
842 3825 893 3886 etsi
907 3826 935 3878 P
948 3830 975 3891 (v
990 3842 1010 3879 s.
1026 3826 1052 3896 a)
1064 3829 1096 3880 ut
1110 3825 1133 3880 si
1147 3831 1194 3878 cet.
1252 3827 1283 3878 12
1304 3827 1396 3879 aetate

248 3930 300 3968 om.
319 3913 383 3967 DN
470 3916 505 3969 14
522 3916 597 3969 uitae
615 3915 696 3968 istius
713 3914 803 3968 PCM
819 3916 878 3968 uita
896 3916 975 3969 istius
994 3916 1024 3969 D
1041 3916 1121 3969 istius
1140 3915 1214 3969 uitae
1233 3914 1290 3968 NB
1353 3918 1396 3968 est

246 4002 274 4054 P
293 4014 316 4064 (s
334 4018 356 4055 s.
375 4006 415 4068 u.)
438 4002 507 4069 Y‘B,
526 4019 577 4057 om.
597 4009 649 4059 cet:
738 4005 784 4072 qui
803 4004 866 4057 DN
957 4006 989 4058 15
1007 4005 1088 4058 homo
1108 4005 1135 4074 (v
1152 4019 1174 4058 s.
1194 4021 1209 4056 o
1226 4021 1271 4072 pr.
1290 4006 1348 4068 m2)
1368 4003 1397 4056 P

248 4091 279 4144 11
299 4091 375 4160 ipsae
393 4091 421 4144 P
439 4094 482 4158 (ae
500 4092 532 4145 in
549 4101 616 4157 rus.)
636 4092 690 4146 ΒΟ
706 4092 795 4161 ipsum
813 4093 850 4146 M
865 4093 925 4161 ipse
943 4092 1040 4146 T‘DN
1089 4093 1124 4146 20
1143 4096 1216 4146 terra
1234 4091 1392 4146 afflictionis

244 4178 297 4231 hac
316 4179 380 4232 DN
429 4180 462 4233 21
483 4181 601 4234 lacrimis
620 4185 648 4234 et
666 4181 770 4250 gemitu
789 4198 917 4236 nocemus
935 4182 996 4236 DN
1054 4183 1088 4236 22
1107 4198 1216 4236 moesen
1237 4182 1257 4248 (i
1275 4197 1297 4235 s.
1317 4197 1392 4248 epr.

244 4270 301 4332 m2)
322 4268 349 4321 P
402 4268 436 4322 23
455 4268 503 4322 sed
522 4285 572 4322 om.
588 4269 650 4323 DN
721 4287 784 4324 uero
798 4271 862 4324 DN
932 4271 1099 4325 sacerdotem
1120 4275 1148 4336 (v
1165 4287 1186 4324 s,
1207 4286 1221 4323 c
1239 4273 1297 4337 m2)
1317 4269 1393 4339 prin-

246 4353 308 4424 oipu
328 4361 415 4426 (pem
433 4360 491 4425 m2)
510 4358 538 4410 P
555 4357 723 4412 sacerdotem
741 4360 892 4430 principum
914 4357 937 4412 0
990 4361 1024 4413 24
1044 4359 1152 4413 dicebat
1170 4359 1207 4414 M
