3175 5017
602 448 820 504 Praefatio.
1170 450 1284 515 LXXV

135 661 261 724 quoque
287 662 368 725 quae
387 644 444 709 illa
462 647 635 710 nouanerat
653 648 827 709 atramento
848 644 988 709 obduxit.
1008 645 1133 710 codices
1153 643 1250 712 vuar
1260 647 1285 726 1)

134 749 237 832 magis
263 769 338 815 cum
361 751 390 814 A
414 770 508 833 quam
532 770 605 815 cum
628 751 654 815 P
677 751 801 816 faciunt
823 770 860 815 ac
883 752 1089 816 memorabile
1113 754 1164 816 ost
1185 752 1283 817 ineis

135 874 244 920 omnes
275 857 341 921 fere
371 860 575 937 correcturas,
605 878 685 940 qnae
713 878 811 923 manu
839 860 938 922 altera
960 858 992 922 in
1016 857 1044 921 A
1065 858 1174 923 illatae
1199 862 1283 935 sunt,

134 964 167 1026 in
200 966 376 1029 orationem
409 968 552 1047 receptas
584 964 730 1029 inueniri.
763 965 848 1029 undo
879 964 989 1049 colligi
1024 984 1119 1047 posse
1156 965 1285 1029 uidetur

135 1072 345 1135 correctorem
367 1070 442 1135 libri
464 1070 492 1134 A
516 1070 672 1135 eiusmodi
698 1071 780 1135 libro
808 1091 904 1135 usum
927 1090 1008 1137 esse.
1032 1090 1068 1135 ox
1090 1071 1119 1134 A
1143 1074 1283 1135 correcto

134 1177 292 1241 linxerunt
312 1178 340 1242 D
360 1182 393 1242 et
410 1178 587 1255 Remensis,
606 1178 639 1241 in
658 1197 720 1260 quo
740 1178 909 1259 permultis
927 1178 1007 1243 locis
1026 1180 1083 1241 aut
1100 1178 1171 1260 ipso
1188 1179 1213 1242 P
1228 1181 1284 1241 aut

135 1283 235 1348 simili
255 1284 363 1348 codiee
383 1284 525 1348 adhibito
547 1285 721 1366 scripturae
741 1284 891 1366 antiquae
909 1284 1076 1348 restitutae
1096 1288 1179 1348 sunt.
1199 1304 1236 1348 ex
1257 1284 1283 1348 P

135 1390 274 1455 deriuati
298 1394 373 1455 sant
394 1390 574 1456 Parisiacus
601 1392 696 1469 1719,
717 1391 808 1456 cuius
831 1392 895 1456 ianr
914 1410 1011 1473 supra
1028 1391 1148 1455 mentio
1167 1391 1284 1455 iniecta

135 1500 196 1575 est,
221 1516 414 1579 quamquam
447 1516 508 1561 non
542 1516 577 1561 er
599 1498 625 1561 P
648 1498 730 1580 ipso,
760 1498 818 1562 sed
850 1517 886 1561 er
918 1497 1026 1562 codice
1058 1497 1171 1562 multis
1203 1498 1283 1563 locis

133 1604 209 1668 talis
240 1604 351 1687 quales
380 1607 455 1667 sunt
477 1600 546 1671 1191
573 1603 648 1668 libri
672 1624 730 1687 ope
752 1604 923 1669 immutato
952 1604 1105 1688 originem
1128 1603 1226 1680 duxit,
1251 1607 1284 1668 et

135 1711 191 1792 qui
218 1710 351 1793 propius
380 1710 420 1773 ad
442 1710 467 1774 P
491 1711 647 1775 accedunt
673 1712 825 1777 Parisiaoi
856 1714 956 1790 2639Ἶ
972 1711 1091 1777 6666611
1119 1711 1164 1776 XI
1192 1711 1282 1794 (olim

134 1814 342 1901 Bigotianus)
366 1820 398 1881 et
423 1818 507 1881 1729
532 1818 651 1883 saeculi
675 1820 736 1883 XII
759 1818 847 1903 (olim
871 1816 1117 1903 Betbuneus)²).

180 1924 240 1988 His
265 1923 366 2007 igitur
387 1924 539 2007 expositis
564 1944 643 2007 quae
668 1926 751 1989 inter
772 1926 801 1991 A
825 1930 858 1991 ot
879 1924 905 1989 P
928 1925 1007 1989 ratio
1035 1925 1211 1990 intercedat
1237 1924 1282 1987 in-

134 2031 326 2113 quirendum
359 2033 417 2096 est.
451 2034 547 2114 atque
581 2032 609 2096 si
640 2032 796 2097 lectiones
823 2032 856 2097 in
884 2032 1109 2097 commentario
1138 2032 1282 2096 enotatas

132 2137 391 2221 perlustraueris,
415 2142 586 2221 utrumque
610 2158 683 2204 sane
706 2140 821 2203 habere
845 2159 907 2221 quo
932 2139 1170 2204 commendetur
1191 2139 1282 2203 intel·

133 2245 234 2327 leges.
261 2262 356 2324 quam
375 2244 415 2308 ob
434 2264 501 2307 rem
519 2244 551 2307 in
571 2243 797 2327 scriptionibus
817 2245 855 2310 de
874 2246 990 2327 quibus
1009 2244 1158 2309 hocloco
1178 2244 1284 2327 agitur·

133 2348 305 2430 utriusque
340 2350 494 2415 lectiones
532 2350 700 2434 diligenter
737 2351 959 2417 examinandas
992 2370 1028 2416 ao
1064 2349 1281 2434 ponderandas

133 2475 205 2520 esse
228 2459 328 2539 patet.
352 2456 452 2523 maior
475 2461 580 2523 tamen
604 2458 672 2523 sine
697 2458 793 2522 dubio
817 2458 890 2523 libri
909 2459 937 2523 A
960 2458 1133 2523 auctoritas
1153 2460 1185 2521 et
1203 2455 1281 2521 fides

134 2567 194 2641 est,
218 2563 251 2627 id
275 2563 362 2645 quod
384 2564 434 2627 bis
457 2564 537 2629 locis
560 2564 715 2647 respectis
739 2565 1007 2646 comprobabitur:
1033 2565 1108 2643 644,
1134 2565 1172 2628 11
1199 2562 1282 2626 alica

133 2667 203 2755 (m2
227 2668 331 2753 uliud)
355 2671 410 2750 qui
433 2670 497 2733 odit
519 2670 547 2734 A
570 2670 660 2734 aliud
681 2672 763 2756 66οά
789 2672 855 2735 odit
878 2672 913 2747 P,
938 2672 1013 2748 648,
1040 2672 1080 2735 18
1104 2670 1281 2751 66611661

133 2781 229 2857 copta
252 2776 288 2853 Ρ,
314 2777 389 2853 669,
415 2779 435 2841 3
458 2776 603 2841 odoribra
625 2778 653 2841 A
676 2778 820 2858 operibus
837 2776 873 2854 Ρ,
898 2780 974 2855 669,
999 2780 1018 2841 6
1042 2777 1282 2841 (6666611664

134 2884 172 2947 de
191 2883 387 2947 orationibus
404 2884 440 2948 P.
461 2903 541 2967 quae
561 2904 634 2949 curn
652 2884 698 2949 ita
717 2884 790 2962 sint,
810 2885 850 2948 iis
868 2885 960 2961 locis,
980 2885 1096 2967 quibus
1115 2884 1283 2966 utriusque

135 2992 313 3075 scripturae
340 2990 414 3055 ferri
441 2994 587 3073 possunt,
615 2992 719 3057 ueluti
750 2992 826 3068 660,
858 2993 896 3055 17
926 2996 969 3056 est
996 2993 1024 3056 A
1052 2996 1096 3054 ost
1124 2994 1152 3054 et
1173 2991 1210 3066 P,
1234 2989 1283 3054 illi

134 3098 286 3163 adsentiri
318 3118 379 3163 non
408 3098 564 3163 dubitaui.
593 3088 701 3163 contra
727 3099 754 3163 P
785 3117 985 3180 nequaquam
1018 3097 1282 3163 contemnendum

134 3224 206 3269 esse
230 3205 281 3269 his
305 3205 385 3270 locis
410 3205 594 3271 edocemur:
624 3207 699 3283 645,
725 3206 766 3269 16
791 3206 835 3268 cd
855 3205 1066 3286 potatoretiom
1088 3204 1114 3268 P
1138 3205 1283 3284 adpeten-

133 3311 213 3375 tiam
235 3311 274 3389 A,
300 3312 375 3390 675,
390 3313 420 3375 ’8
445 3312 562 3376 claudo.
587 3312 695 3376 claude
719 3312 744 3375 P
768 3312 876 3375 claude
898 3313 937 3376 A.

180 3630 199 3697 ¹)
218 3630 306 3684 libros
325 3629 390 3687 21¹¹ss
410 3647 440 3683 ex
458 3630 491 3687 91
509 3632 662 3685 6166661666
681 3632 767 3685 uideri
786 3633 841 3687 iarn
860 3650 941 3704 supra
958 3651 984 3703 p.
997 3633 1098 3687 LXXII
1113 3633 1215 3689 dictum
1232 3639 1282 3690 est.

178 3736 198 3804 ²)
219 3736 361 3791 codicibus
380 3738 437 3793 aar
461 3738 558 3791 similis
582 3741 623 3791 est
645 3737 866 3793 Uindobonensis
891 3741 950 3803 705,
975 3739 1054 3793 foede
1082 3744 1231 3811 corruptus.
1252 3758 1282 3795 ex

133 3825 201 3879 libro
222 3826 243 3879 Τ
263 3826 348 3879 simili
374 3824 451 3880 fluxit
474 3826 558 3880 editio
582 3826 792 3881 Mediolanensis
817 3844 840 3880 a.
862 3829 928 3881 1491
951 3829 1057 3891 emissa,
1076 3830 1104 3882 in
1124 3844 1178 3898 qua
1196 3831 1283 3899 prima

136 3915 294 3984 opuseulum
314 3914 349 3967 de
368 3912 446 3967 Isaac
463 3916 536 3985 typis
556 3916 716 3985 exscriptum
737 3922 791 3979 est;
813 3916 934 3969 conferas
954 3931 1023 3986 quae
1042 3918 1075 3970 de
1090 3918 1283 3973 eaHain199

137 4010 163 4057 ot
181 4004 389 4059 schoenemann
409 4004 422 4056 I
437 4006 489 4058 375
504 4008 690 4075 exposuerunt.
711 4006 865 4061 simillimus
884 4024 990 4078 666666
1004 4007 1074 4061 libro
1089 4007 1110 4060 T
1124 4008 1179 4061 fuit
1192 4008 1282 4072 codex,

138 4110 185 4163 666
204 4093 360 4148 Guilelmus
380 4092 464 4147 abbas
483 4111 503 4147 s.
524 4094 692 4157 Theoderici,
711 4099 809 4165 postea
826 4097 972 4151 monachus
992 4098 1183 4166 signiacensis,
1204 4114 1282 4167 quem

137 4184 202 4237 circa
225 4200 249 4237 a.
270 4180 426 4237 Mcxxxx
449 4182 548 4236 uixisse
570 4182 688 4236 Macrini
712 4186 846 4246 statuunt,
865 4186 894 4239 in
912 4186 1104 4239 commentario
1124 4187 1151 4239 16
1171 4185 1285 4241 Cantica

136 4273 299 4327 canticorum
321 4270 494 4339 compilando
513 4288 577 4325 usus
598 4274 647 4325 est.
668 4272 700 4325 de
720 4290 772 4342 quo
787 4274 916 4343 opusculo
932 4275 1090 4328 aMaurinis
1104 4275 1133 4327 in
1147 4274 1283 4329 Ambrosii

135 4377 240 4431 operum
261 4360 416 4414 editionem
433 4362 542 4431 recepto
561 4359 603 4414 illi
623 4360 676 4414 nol.
696 4360 710 4414 l
727 4379 753 4431 p.
774 4363 844 4416 1545
863 4380 903 4431 sq.
923 4362 1140 4432 disputauerunt.
