3175 5017
622 466 843 521 Praelatio.
1148 468 1287 533 XXXIII

138 664 182 728 eis
206 681 289 746 quae
314 662 409 746 epist.
433 664 486 740 63,
514 664 553 726 17
579 662 736 745 exposuit:
762 663 908 745 ‘denique
930 663 1079 745 Epicurei
1103 664 1212 728 dicunt
1235 663 1286 728 ad-

138 774 273 835 sertores
296 769 476 853 uoluptatis
501 770 575 852 quia
597 788 683 833 mors
707 770 787 833 nihil
810 769 850 833 ad
869 790 942 845 nos;
967 770 1052 853 quod
1071 770 1155 835 enim
1175 770 1287 834 dissol-

136 878 222 943 uitur
240 876 428 941 insensibile
448 878 517 943 est'.
538 874 673 959 denique
692 876 790 941 uerba
810 877 885 955 731,
907 879 948 939 14
967 877 1135 959 ‘quomodo
1154 878 1286 941 iuuenes

138 1004 195 1050 non
223 984 343 1048 timent
369 983 437 1047 fieri
465 987 590 1048 000009
620 980 862 1047 similitudinem
892 984 1050 1066 quandam
1073 984 1191 1049 habent
1214 1004 1287 1048 oum

138 1091 220 1155 dicto
238 1090 329 1156 Stob.
349 1090 432 1157 Flor.
451 1090 514 1155 ΗΠ
534 1091 573 1154 81
597 1088 625 1175 (I
644 1092 687 1153 80
706 1089 766 1175 Η.)
785 1086 953 1175 01000000ος
971 1093 1103 1154 θάνατον
1123 1090 1287 1160 δεδοικότες

136 1201 297 1281 γηράσκειν
330 1193 481 1262 ἐθέλουσι.
513 1198 545 1261 10
580 1197 788 1281 descriptione
824 1196 996 1261 inferomm
1030 1216 1055 1262 s.
1089 1198 1131 1261 33
1163 1199 1288 1280 praeter

137 1302 321 1367 Ciceronem
342 1303 423 1386 disp.
444 1302 538 1369 Tuso.
559 1305 574 1368 1
595 1305 635 1368 16
660 1307 732 1368 ante
756 1302 867 1368 oculos
891 1303 1005 1367 habuit
1022 1303 1156 1387 Uergilii
1175 1301 1287 1367 Aenei-

137 1409 184 1475 dis
216 1409 338 1473 librum
370 1413 505 1487 sertum,
539 1411 622 1474 uude
655 1430 705 1475 res
739 1410 883 1494 singulas
918 1414 950 1474 et
982 1410 1103 1475 colores
1136 1409 1286 1474 orationis

138 1516 239 1598 petiit.
254 1516 279 1601 ¹)
298 1520 462 1598 praeterea
482 1518 557 1594 718,
578 1517 596 1580 7
616 1516 752 1601 Uergilii
768 1517 876 1582 locum
896 1521 968 1581 ante
992 1517 1101 1582 oeulos
1120 1516 1233 1581 babuit
1250 1535 1286 1581 ac

137 1624 274 1688 fortasse
294 1643 420 1706 quoque
441 1624 515 1701 735,
538 1625 569 1699 7;
595 1644 668 1689 nam
691 1625 787 1689 uerbo
808 1625 996 1707 ‘depositus’
1014 1624 1091 1689 satis
1110 1625 1289 1705 frequenter

138 1731 328 1795 Ambrosius
357 1750 437 1795 usus
466 1732 524 1796 est.
560 1731 639 1797 duos
663 1731 760 1798 buius
784 1732 891 1801 libelli,
909 1733 997 1796 locos
1023 1732 1098 1808 716,
1123 1732 1233 1795 6-19
1257 1733 1289 1795 et

140 1837 212 1914 745,
244 1838 410 1915 18-746,
442 1838 481 1900 17
515 1836 660 1903 laudauit
691 1837 894 1922 Augustinus
927 1841 1035 1901 contra
1068 1836 1147 1901 duas
1179 1835 1286 1918 Pelag.

138 1944 229 2026 epist.
254 1944 320 2008 IIII
345 1945 397 2020 11,
422 1947 475 2009 31.

676 2209 750 2274 IIII.

179 2474 248 2539 Hac
274 2471 489 2554 disputatione
513 2472 660 2537 absoluta
684 2472 723 2536 ad
747 2491 816 2535 eam
835 2490 901 2535 rem
921 2472 1052 2554 quaein
1072 2470 1130 2533 hac
1150 2468 1288 2534 editione

137 2581 266 2645 maximi
298 2579 452 2644 momenti
485 2580 535 2643 est
568 2578 799 2663 adgrediemur,
827 2581 864 2643 ut
892 2577 930 2641 de
959 2576 1123 2642 codicibus
1152 2596 1169 2639 a
1196 2576 1288 2641 uobis

138 2687 302 2765 adhibitis,
328 2685 366 2751 de
390 2705 498 2750 eorum
522 2684 584 2749 fide
604 2689 699 2767 atque
720 2685 920 2761 auctoritate,
940 2703 1001 2766 quo
1020 2683 1149 2747 uinculo
1170 2682 1290 2766 singuli

138 2795 218 2858 inter
243 2813 277 2858 se
303 2792 412 2858 conexi
436 2811 579 2875 quaeque
604 2811 718 2875 genera
740 2811 849 2855 eorum
874 2790 1095 2856 constituenda
1114 2790 1179 2855 sint
1197 2808 1288 2871 eupo-

138 2920 261 2965 001000.
299 2900 331 2963 10
370 2898 560 2963 Eramero
603 2898 703 2981 igitur
743 2898 935 2963 recensendo
977 2917 1038 2963 000
1080 2895 1175 2979 pauci
1214 2895 1288 2959 libri
1297 2912 1401 2947 runem

139 3006 262 3087 antiqui
291 3009 324 3069 et
351 3005 423 3070 boni
451 3004 543 3069 nobis
572 3005 611 3069 ad
634 3024 747 3069 manus
771 3004 911 3081 fuerunt,
937 3022 1015 3084 quos
1040 3002 1103 3065 iam
1128 3020 1288 3065 enumera-

138 3113 242 3177 bimus
268 3116 301 3177 et
324 3112 552 3177 describemus.
586 3131 621 3175 ac
650 3110 787 3193 primum
816 3111 922 3175 locum
951 3110 1094 3173 obtinent
1117 3111 1188 3172 octo
1211 3108 1288 3173 10110

137 3220 254 3284 litteris
300 3216 475 3282 maioribus
522 3220 650 3283 0000010
693 3217 754 3282 Vll
796 3217 924 3298 scu'pta,
968 3234 1048 3297 quae
1089 3234 1172 3280 nunc
1215 3234 1287 3279 cum

19 3340 20 3343 ’
139 3326 207 3390 01110
235 3324 391 3389 librorum
419 3326 621 3387 uetustorum
649 3323 835 3408 fragmentis
864 3322 1064 3387 continentur
1091 3320 1200 3385 codice
1231 3320 1287 3384 1110

30 3428 35 3435 ’
138 3429 686 3514 010110010010101100011000οε1
712 3432 774 3494 192
799 3427 894 3515 (169)
910 3428 933 3516 ¹)
957 3428 977 3493 f.
1005 3429 1123 3492 7-14.
1149 3426 1232 3491 unde
1253 3446 1288 3489 ea

139 3540 244 3603 Ilttera
267 3538 300 3601 A
329 3537 507 3619 designaui.
540 3537 590 3601 his
614 3537 700 3602 foliis
726 3536 863 3601 efficitur
886 3535 1061 3618 quaternio,
1086 3534 1191 3617 quiin
1210 3533 1287 3598 folio

141 3648 250 3709 octauo
274 3662 406 3707 numero
421 3644 469 3707 ΙΠ
483 3643 629 3726 signatus
649 3647 707 3709 est.
733 3644 855 3707 orditur
873 3648 979 3707 autem
997 3644 1135 3724 primum
1155 3662 1173 3705 a
1192 3641 1287 3705 uerbo

138 3748 454 3838 ⁴[qucmladmodum’
495 3770 527 3833 p.
571 3752 623 3828 28,
668 3752 719 3828 16,
761 3751 912 3815 ultimum
950 3749 1150 3815 concluditur
1190 3749 1287 3812 uerbo

182 3940 201 4010 2)
221 3941 254 3995 (10
272 3941 325 3996 hoc
343 3942 403 3996 lece
423 3943 574 3996 accuratius
595 3942 733 4012 disputaui
750 3941 778 3995 in
793 3941 887 3995 Melet.
901 3941 1018 3996 Uindob.
1038 3941 1092 3993 001.
1108 3939 1171 3993 XVI
1190 3940 1251 3996 336.

186 4031 257 4101 1)01.
281 4030 340 4086 cat.
366 4030 413 4084 des
438 4030 498 4101 dep.
521 4030 574 4085 XII
598 4032 629 4084 91
656 4035 737 4099 atque
761 4031 886 4100 inprimis
910 4032 936 4084 S.
960 4029 1073 4091 Brandt,
1093 4030 1140 4097 qui
1164 4030 1192 4081 in
1211 4030 1289 4082 Actis

140 4120 202 4173 min.
227 4118 302 4173 acad.
328 4118 385 4173 litt.
404 4119 521 4174 Uindob.
549 4118 594 4173 CX
622 4120 671 4174 167
699 4137 758 4189 sqq.
781 4120 854 4173 hunc
878 4119 996 4173 codicem
1021 4119 1221 4171 accuratissime
1242 4118 1288 4171 de-

142 4210 252 4277 scripsit.
278 4208 406 4263 foliorum
429 4209 629 4279 longitudinem
653 4210 722 4279 siglo
743 4213 828 4263 28601-
853 4208 1005 4278 significare
1023 4224 1173 4277 possumus,
1193 4207 1287 4260 latitu-

143 4294 227 4351 dinem
254 4314 366 4352 numero
395 4301 489 4352 2009».
522 4298 550 4351 10
582 4298 696 4367 singulis
728 4298 836 4368 paginis
864 4298 959 4367 scripti
987 4305 1050 4350 sunt
1077 4313 1171 4350 uersus
1200 4295 1288 4349 uiceni

144 4386 250 4455 septeni.

169 4510 256 4552 xxxn.
271 4511 351 4552 Ambr.
365 4522 418 4560 pars
432 4514 452 4559 l,
462 4510 518 4549 1000.
533 4512 553 4551 2.
1239 4506 1252 4542 ⁰
