3175 5017
316 434 479 498 LXXVIII
782 428 997 482 Praefatio.

315 628 403 693 ribus
418 627 640 692 adscriberem.
661 628 735 690 sunt
753 629 861 689 autem
879 627 1003 707 praeter
1021 622 1173 705 quasdam
1194 622 1347 687 editiones
1368 641 1462 703 supra
1580 647 1581 650 ¹

316 737 576 799 commemoratas
590 734 664 797 bae:
680 731 932 796 Amerbaohiana
944 729 1090 794 Basileae
1106 750 1133 793 6.
1144 729 1463 795 MCOCOLXXXXH
1488 728 1498 741 “

315 842 347 905 in
370 842 475 905 lucem
500 840 630 915 emissa3
655 838 849 904 Basileensis
873 857 900 903 a.
920 837 1031 901 MDVI
1054 856 1090 900 ex
1109 837 1360 901 Amerbaehiana
1376 836 1462 919 typis

316 948 486 1031 descripta3
519 947 713 1021 Erasmiana,
747 963 828 1027 quae
862 964 898 1009 ex
931 944 1057 1008 offioina
1085 942 1233 1007 Frobenii
1260 944 1406 1007 Basileue
1434 963 1461 1006 6.

315 1054 499 1119 MDXXVll
527 1054 658 1135 prodiit3
687 1052 881 1117 Basileensis
905 1070 932 1117 6.
957 1051 1191 1115 MDXXXVIII
1214 1069 1232 1113 6
1255 1048 1461 1133 Sigismnndo

316 1160 446 1227 Gelenio
473 1165 591 1238 aurata,
613 1180 707 1242 quam
728 1180 754 1225 6.
775 1159 883 1223 MDLI
900 1158 1029 1242 repetiit
1047 1159 1071 1223 1.
1094 1158 1272 1233 Costerius3
1291 1158 1461 1235 Parisiaoa,

314 1288 408 1351 quam
441 1268 466 1334 Ι.
502 1267 654 1333 Gillotius
687 1267 813 1349 parauit
844 1265 976 1330 Parisiis
1006 1285 1033 1329 6.
1063 1265 1291 1342 MDLXVIlIl;
1320 1265 1462 1329 Romana

315 1396 341 1441 6.
354 1373 789 1457 MDLXXVHHAXXXVH
804 1374 836 1436 in
853 1373 1018 1456 publicum
1035 1373 1122 1447 data3
1139 1371 1274 1453 denique
1288 1374 1363 1449 tres,
1381 1388 1462 1453 quae

315 1502 351 1546 ex
365 1482 505 1546 Romana
523 1481 683 1545 deriuatae
699 1482 784 1555 sunt,
801 1478 998 1544 Coloniensis
1014 1498 1041 1542 6.
1057 1478 1224 1543 MDOXVI
1238 1480 1271 1541 et
1283 1477 1462 1542 Parisiaoae

314 1608 341 1653 a.
374 1588 619 1653 MDOXXXXII
652 1589 686 1652 et
721 1585 895 1650 MDCLXI.
923 1605 963 1675 166
996 1586 1035 1649 (16
1072 1585 1248 1661 codicibus,
1286 1585 1403 1667 quibus
1436 1586 1461 1649 l.

314 1695 491 1759 Amerbaob
515 1714 592 1759 usus
618 1698 676 1772 est,
701 1693 765 1757 iam
789 1694 868 1757 satis
892 1713 943 1757 me
967 1693 1152 1774 exposuisse
1174 1696 1263 1776 puto.
1292 1692 1372 1755 hano
1398 1691 1462 1755 edi-

313 1804 432 1866 tionem
456 1801 576 1883 posteri
597 1800 743 1878 editores,
764 1819 954 1882 quamquam
975 1800 1094 1863 multos
1118 1801 1206 1863 looos
1230 1802 1286 1862 aut
1306 1798 1462 1861 librorum

313 1926 409 1971 manu
443 1908 634 1990 scriptorum
667 1910 723 1970 aut
755 1906 954 1970 oonieeturae
988 1924 1046 1986 ope
1069 1906 1330 1982 immutauerunt,
1354 1909 1462 1968 tamen

313 2016 345 2081 in
377 2015 564 2080 uniuersum
598 2014 701 2079 secuti
734 2016 819 2091 sunt,
844 2013 927 2076 unde
962 2014 1083 2077 factum
1112 2015 1170 2089 est,
1194 1996 1238 2077 ut
1258 2011 1463 2076 Amerbaobii

314 2126 418 2187 textus
453 2122 610 2205 scriptura
642 2141 722 2203 quae
756 2119 873 2184 dieitur
906 2118 1041 2201 uulgata
1072 2118 1250 2183 haberetur.
1282 2137 1386 2202 pauca
1423 2118 1463 2182 ad

313 2228 426 2293 menda
448 2228 589 2293 tollenda
611 2230 762 2310 looosque
791 2229 956 2308 corruptos
981 2225 1136 2290 sanandos
1160 2225 1362 2289 contuleruut
1384 2226 1462 2289 Era-

313 2354 401 2399 smus
427 2338 458 2398 et
482 2333 643 2409 Gelenius,
668 2334 760 2415 plura
783 2332 946 2397 Costerius
970 2336 1003 2396 et
1026 2330 1189 2410 (libutius,
1213 2332 1269 2413 qui
1297 2332 1461 2396 oodioibus

314 2460 439 2523 quoque
469 2441 591 2522 aliquot
618 2439 771 2521 inspeetis
800 2439 920 2521 passim
949 2440 1103 2523 genuinas
1130 2440 1283 2503 lectiones
1306 2439 1460 2504 rest'tuit.

315 2547 370 2611 sed
396 2567 468 2611 mor
497 2546 667 2610 monimum
697 2546 847 2610 damnum
870 2546 1032 2610 Ambrosii
1058 2546 1148 2610 libris
1172 2546 1300 2610 illatum
1323 2548 1373 2609 est
1396 2545 1462 2609 edi·
1580 2531 1581 2596 3

313 2652 399 2718 tione
422 2655 478 2717 illa
502 2673 520 2717 a
542 2653 647 2717 Felice
677 2652 827 2717 cardinali
855 2653 892 2715 de
916 2653 1025 2717 Monte
1048 2654 1134 2730 Alto,
1159 2652 1213 2735 qui
1240 2656 1352 2733 666666
1380 2651 1462 2716 Sinti
1580 2675 1581 2728 ς

315 2761 417 2842 quinti
441 2760 567 2824 nomine
593 2762 720 2823 ornatus
744 2760 776 2822 in
801 2758 907 2823 sedem
932 2760 1140 2841 apostolicam
1164 2760 1316 2834 aseendit,
1338 2760 1460 2822 Romae
1580 2773 1581 2846 ξ

244 2923 246 2927 ,
314 2868 402 2931 annis
430 2865 676 2930 MDLXXVIHI
705 2868 737 2929 et
764 2865 1005 2948 insequentibus
1034 2867 1194 2931 adornata.
1222 2868 1251 2930 is
1279 2866 1373 2943 enim,
1398 2866 1460 2930 etsi

313 2974 344 3037 iu
370 2974 508 3056 epistula
535 2972 692 3037 uolumini
719 2972 822 3054 primo
849 2973 1033 3055 praemissa,
1068 2993 1130 3055 qua
1161 2972 1348 3057 Gregorium
1382 2973 1461 3037 XlIl
1580 2961 1581 2966 ἵ

312 3080 493 3161 pontificem
526 3081 704 3144 Romanum
737 3079 930 3162 adloquitur,
964 3099 998 3143 se
1025 3079 1186 3144 Ambrosii
1219 3100 1313 3162 opera
1340 3080 1373 3143 in
1397 3080 1458 3162 pri·

313 3187 428 3250 stiuam
455 3187 626 3271 puritatem
655 3186 837 3251 restituisse
866 3186 1021 3269 gloriatus
1050 3190 1109 3265 est,
1139 3206 1199 3251 non
1229 3190 1334 3251 tamen
1369 3186 1460 3250 dubi·

312 3292 396 3355 tauit
419 3312 455 3355 ea
477 3292 569 3374 plane
594 3292 633 3356 ad
653 3291 817 3355 arbitrium
837 3311 932 3355 suum
950 3292 1101 3376 refingere
1120 3293 1251 3375 suisque
1271 3293 1459 3357 commentis

312 3398 440 3462 insertis
466 3398 642 3481 deturpare.
663 3403 786 3462 etcum
808 3398 904 3463 editio
928 3398 984 3461 illa
1006 3399 1087 3462 tanti
1111 3400 1246 3463 nominis
1270 3400 1459 3464 auctoritate

314 3505 437 3568 munita
456 3508 619 3587 tamquam
640 3505 787 3569 omnibus
807 3506 945 3569 numeris
966 3507 1113 3571 absoluta
1132 3509 1164 3570 et
1176 3507 1316 3588 perfecta
1329 3506 1459 3588 saepius
1580 3505 1581 3574 l

313 3611 397 3695 typis
426 3614 631 3693 repeteretur,
661 3612 781 3675 laetum
813 3615 871 3689 est,
900 3616 938 3676 ut
964 3613 1028 3677 fere
1058 3631 1165 3676 omues
1199 3613 1341 3677 homines
1371 3614 1459 3677 docti

312 3737 404 3781 ueros
429 3718 590 3783 Ambrosii
622 3718 720 3783 libros
755 3738 789 3781 se
821 3719 967 3783 manibus
999 3724 1105 3783 tenere
1138 3720 1258 3801 opinati
1289 3721 1371 3783 falsa
1402 3722 1460 3786 illa

310 3825 416 3907 speeie
441 3825 659 3906 deciperentur
671 3824 704 3905 1).
729 3825 842 3889 merito
866 3826 965 3909 igitur
988 3828 1049 3889 etsi
1072 3830 1155 3890 teoto
1180 3830 1212 3890 et
1235 3847 1361 3891 summa
1383 3847 1458 3891 oum

311 3932 524 3995 moderatione
548 3932 579 3995 iu
604 3932 786 4012 prohoemio
812 3936 1003 3997 uotaueruut
1020 3934 1157 3997 Mauriui
1176 3934 1338 3998 licentiam
1356 3934 1457 4011 illem,

311 4058 373 4120 qua
405 4043 484 4115 tum,
518 4058 590 4101 oum
622 4059 737 4103 nouam
771 4039 942 4103 editionem
974 4041 1135 4123 parabant,
1168 4040 1232 4104 iam
1264 4060 1320 4124 per
1351 4041 1458 4105 totum

361 4254 379 4320 ¹)
400 4271 488 4323 neque
515 4257 607 4307 tamen
635 4256 743 4309 silentio
770 4256 1040 4325 praetermittendum
1065 4261 1107 4310 est
1128 4258 1156 4309 in
1180 4258 1231 4311 hac
1254 4257 1375 4311 editione
1402 4276 1458 4312 non

312 4359 410 4412 paucas
430 4345 577 4412 scripturae
598 4346 763 4413 corruptelas
784 4346 902 4414 egregiis
922 4345 1156 4401 emendationibus
1175 4346 1297 4399 sublatas
1317 4362 1384 4400 esse.
