3175 5017
283 430 400 523 LXXX
745 450 963 505 Praefatio.

284 650 394 715 deinde
419 648 503 731 quod
522 686 564 693 —
584 668 656 712 uam
680 647 743 728 ipsi
767 650 871 711 totum
894 664 1028 729 pensum
1054 644 1219 708 absoluere
1239 663 1300 707 uon
1318 646 1433 725 potue·

282 762 355 824 runt
374 796 416 803 —
436 757 598 821 ministros
620 756 844 837 adiutoresque
869 754 1012 817 doctrina
1034 756 1130 835 atque
1154 751 1329 815 eruditione
1352 750 1433 814 1616-

280 865 378 929 riores
403 864 580 927 adsciscere
605 862 705 927 ooaoti
730 864 828 926 erant.
853 880 954 944 neque
978 879 1015 924 ea
1036 879 1088 923 res
1111 860 1212 924 totius
1237 858 1340 940 operis
1359 876 1431 921 reo-

280 973 364 1036 tores
389 970 512 1054 fugisse
535 970 674 1033 uidetur.
700 969 816 1032 etenim
841 967 1072 1049 exemplaribus
1096 967 1161 1030 1616
1186 965 1333 1031 omnibus
1352 984 1430 1028 uen-

281 1077 356 1141 ditis
380 1095 441 1140 666
467 1075 615 1140 editionis
639 1075 724 1158 typis
748 1074 947 1157 repetendae,
973 1073 1028 1137 sed
1051 1092 1153 1136 nouae
1176 1072 1331 1155 parandae
1355 1090 1429 1134 con-

279 1184 387 1248 silium
419 1184 578 1265 ceperunt.
617 1184 712 1264 atque
745 1184 782 1243 ut
814 1183 882 1244 arat
913 1180 944 1242 16
979 1179 1024 1243 616
1058 1178 1201 1244 studium
1239 1178 1425 1242 acerrimum

277 1290 428 1371 laborque
462 1289 614 1366 adsiduus
643 1308 714 1351 mox
743 1288 781 1351 ad
809 1287 843 1350 id
871 1288 956 1369 quod
984 1286 1045 1350 sibi
1078 1288 1308 1369 proposuerant
1339 1303 1422 1348 exse·

279 1396 439 1478 quandum
468 1396 612 1479 adgressi
640 1397 724 1459 sunt.
758 1414 820 1475 qua
844 1394 882 1457 de
905 1413 938 1457 re
962 1413 1019 1457 nos
1044 1392 1172 1478 edocuit
1194 1392 1231 1457 R.
1256 1391 1367 1455 Tassin
1391 1391 1425 1454 in

275 1504 356 1568 libro
386 1502 441 1584 qui
469 1501 652 1567 inscribitur
680 1501 822 1566 Histoire
845 1501 996 1565 litteraire
1022 1501 1060 1564 de
1083 1500 1115 1564 la
1138 1498 1359 1583 congregation
1386 1498 1425 1561 de

277 1608 309 1673 S.
328 1609 421 1672 Maur
439 1629 469 1691 p.
492 1608 554 1671 146
575 1608 655 1693 sq.1)
681 1608 772 1672 cuius
798 1607 895 1671 uerba
912 1608 982 1689 ipsa
1001 1626 1145 1671 sermone
1165 1605 1287 1670 Gallico
1306 1606 1424 1669 referre

276 1735 371 1796 quam
403 1715 500 1778 161166
533 1716 731 1797 interpretari
764 1715 859 1779 malo.
897 1715 975 1778 haec
1006 1714 1107 1797 igitur
1131 1713 1187 1776 ille
1216 1712 1254 1775 de
1282 1711 1423 1789 editione

275 1823 373 1885 611616
406 1840 424 1884 6
454 1820 609 1885 Μ6111616
642 1825 752 1903 parata
784 1823 902 1884 narrat:
935 1822 1005 1883 ‘Les
1035 1818 1239 1901 exemplaires
1268 1819 1305 1883 en
1334 1820 1424 1881 etant

275 1928 411 1991 devexus
435 1946 531 2005 raros,
557 1946 596 1991 on
620 1946 719 2010 pensa
742 1928 760 1991 at
783 1928 815 1990 16
836 1927 1033 1991 reneuveller
1055 1926 1080 1990 il
1101 1946 1122 2008 y
1141 1946 1159 1989 a
1178 1927 1328 2006 quaranta
1352 1943 1421 1987 666.

239 2051 242 2057 ·
275 2031 322 2097 On
347 2052 529 2121 6616616666
551 2053 608 2116 par
631 2035 817 2098 collationer
841 2034 921 2098 deux
945 2053 985 2097 ou
1009 2032 1088 2097 trois
1111 2031 1302 2096 manuscrits
1311 2030 1337 2112 2)
1355 2031 1422 2094 1611

275 2140 401 2204 6661666
422 2140 475 2221 qui
496 2140 620 2203 avoient
640 2140 756 2223 e'chape
776 2160 836 2203 aux
855 2140 993 2204 derniers
1013 2140 1161 2205 editeurs.
1186 2138 1269 2203 Dour
1287 2138 1419 2204 Nicolas

274 2245 312 2309 de
335 2244 451 2309 Nourri
476 2250 507 2310 et
530 2246 612 2311 Dom
637 2247 709 2309 1666
735 2246 827 2311 Carre'
850 2247 1036 2311 Professeur
1059 2246 1097 2310 de
1126 2244 1309 2329 Theologia
1334 2244 1417 2307 avoi-

272 2355 325 2415 ent
358 2354 539 2439 commence'
572 2355 590 2416 1
621 2355 736 2417 mettre
767 2353 801 2417 la
830 2354 916 2417 main
945 2354 1074 2417 166116
1107 2351 1253 2416 nouvelle
1281 2350 1416 2426 editiom

270 2458 350 2523 mais
376 2458 435 2523 6116
458 2478 553 2541 passa
577 2458 687 2539 depuis
712 2462 730 2521 1
752 2459 835 2522 Dom
858 2459 956 2523 16616
974 2458 1163 2535 Lemerault,
1181 2459 1247 2522 l'un
1267 2456 1321 2521 des
1341 2456 1417 2520 Rib-

195 2628 198 2633 .
269 2564 469 2629 liothecaires
503 2564 540 2628 de
569 2565 712 2647 l'abbaye
742 2566 779 2629 de
809 2564 840 2629 S.
867 2564 1015 2630 Germain
1044 2566 1099 2629 des
1127 2565 1214 2629 Pres.
1242 2564 1270 2627 Π
1297 2563 1417 2627 111116-

268 2671 384 2751 6111661
412 2671 441 2734 16
470 2671 606 2752 premier
633 2674 786 2746 16166,61
815 2691 853 2735 66
882 2672 1099 2737 (1616611616,
1138 2671 1181 2737 Oe
1208 2673 1345 2735 volume
1365 2673 1417 2735 est

270 2776 375 2859 garde
392 2777 469 2841 dans
497 2779 527 2840 16
555 2779 699 2861 magasin
724 2778 778 2843 des
801 2778 959 2842 Libraires
983 2798 1020 2841 en
1045 2778 1210 2843 attendant
1231 2778 1261 2841 16
1286 2778 1413 2843 second.
1441 2811 1443 2813 ·

267 2883 349 2947 Dom
371 2883 553 2948 Le'merault
575 2885 659 2949 66111
679 2885 849 2974 11166666
874 2888 924 2949 661
946 2888 1029 2948 61611
1052 2904 1089 2947 66
1116 2885 1201 2948 1756
1225 2902 1298 2947 6666
1326 2883 1416 2948 avoir

265 2989 324 3053 1611
346 2993 417 3071 part
440 2990 478 3054 de
503 3010 559 3055 son
583 2992 697 3055 travail
720 3010 760 3055 au
783 2991 915 3073 publio)
947 3010 1118 3073 quaecum
1140 2990 1303 3073 legissem,
1327 3008 1413 3055 com·

264 3095 372 3175 plures
398 3095 519 3161 Galliae
544 3098 630 3162 uiros
655 3098 763 3163 doctos
787 3097 905 3162 litteris
928 3097 1037 3161 missis
1060 3098 1181 3180 rogaui,
1207 3099 1252 3174 ut,
1277 3096 1304 3159 si
1328 3096 1412 3161 forte

265 3203 320 3265 aut
343 3202 404 3283 ipsi
428 3204 584 3286 exemplar
607 3204 703 3268 huius
728 3204 877 3268 editionis
901 3204 1059 3267 uidissent
1077 3206 1137 3267 'aut
1157 3203 1189 3267 iu
1208 3193 1413 3285 bybliotheca

264 3306 369 3389 aliqua
397 3309 481 3373 huno
508 3309 625 3373 librum
650 3313 752 3373 extare
777 3310 1018 3392 comperissent,
1041 3330 1093 3373 me
1117 3309 1155 3373 de
1180 3329 1217 3375 ea
1239 3329 1273 3373 re
1297 3310 1411 3373 certio·

262 3432 328 3476 rem
360 3414 507 3479 facerent.
551 3415 607 3479 sed
638 3417 799 3499 responsis
832 3436 940 3480 eorum
973 3416 1112 3499 acceptis
1144 3416 1284 3480 intellexi
1317 3434 1409 3497 spem

262 3510 355 3585 huius
375 3520 448 3584 libri
466 3522 667 3587 nanciscendi
686 3524 882 3587 abiciendam
901 3542 985 3598 6666;
1010 3541 1140 3587 namne
1159 3542 1258 3585 unum
1278 3522 1408 3602 quidem

261 3629 419 3711 exemplar
442 3628 480 3693 ad
504 3629 689 3693 memoriam
712 3633 853 3694 nostram
876 3632 1086 3713 propagatum
1111 3647 1180 3693 6666
1204 3628 1342 3693 uidetur.

303 3734 339 3797 16
372 3754 478 3800 666166
512 3736 685 3819 scripturae
716 3737 796 3801 16616
830 3756 964 3818 quorum
991 3736 1181 3801 Ambrosius
1210 3735 1407 3799 mentionem

259 3839 336 3904 16611
367 3842 542 3907 indicandis
565 3844 701 3907 Macrini
734 3864 794 3908 uon
826 3864 896 3907 eam
929 3864 1022 3926 quam
1049 3844 1081 3907 in
1110 3844 1167 3907 tali
1193 3862 1227 3907 re
1255 3842 1407 3907 adbibere

259 3944 390 4011 decebat
413 3948 611 4031 diligentiam
634 3949 868 4031 praest'teruut.
893 3970 965 4013 nam
988 3951 1020 4012 in
1045 3951 1090 4013 eis
1114 3951 1178 4015 1616
1201 3950 1281 4013 16616
1306 3950 1405 4032 signi-

303 4093 703 4163 11616111116111161Ρ6116116
724 4116 747 4151 6.
767 4097 962 4160 MDCCXXVL
983 4098 1017 4151 61.
1036 4099 1067 4151 R.
1087 4098 1197 4151 Kukula
1214 4099 1243 4151 in
1262 4098 1321 4151 Act.
1336 4098 1402 4150 min.

257 4185 330 4238 acad.
357 4184 413 4237 litt.
441 4184 559 4239 Uindob.
588 4188 641 4239 661.
669 4186 752 4241 CXXI
781 4191 805 4251 5,
833 4190 857 4241 7.
887 4204 937 4257 ego
966 4189 1053 4241 altera
1081 4189 1139 4241 6166
1172 4186 1301 4250 editione,
1331 4203 1402 4256 quae

254 4272 386 4325 Bruxellis
407 4290 429 4329 a.
449 4273 621 4328 MDCCLXX
640 4276 667 4327 in
686 4276 774 4328 lucem
794 4277 891 4329 emissa
910 4280 960 4338 est,
980 4294 1045 4329 usus
1065 4294 1131 4329 sum.
1171 4274 1175 4281 “

300 4360 320 4428 ²)
342 4362 374 4415 cf.
395 4379 426 4415 66
446 4378 513 4431 quae
533 4362 565 4416 de
585 4363 676 4417 codice
695 4363 972 4434 Audomaropolitano
992 4383 1019 4435 p.
1038 4366 1089 4419 LII
1108 4366 1306 4419 adnotauimus.
