3175 5017
241 432 271 495 X
704 429 923 483 Praefatio.

243 628 281 691 de
312 626 428 708 Ioseph
461 625 625 690 confectus
658 625 701 689 sit
733 629 870 690 eruatur.
905 646 966 709 qua
999 627 1031 690 in
1063 645 1095 689 re
1129 625 1320 708 expedienda
1351 644 1389 689 eo

243 733 430 797 adiuuemur
458 731 543 813 quod
565 731 764 817 Ambrosius,
794 751 868 795 eum
897 731 936 798 de
960 732 1084 797 duobus
1107 731 1193 816 regis
1215 732 1389 796 Pharaonis

243 840 397 905 eunuchis
425 838 478 925 (cf.
509 838 587 903 Gerr.
618 841 670 916 40,Ι
700 840 733 923 2)
758 839 920 917 disseruit,
943 840 1047 905 tribus
1070 839 1150 903 locis
1175 858 1251 903 suae
1274 839 1369 903 aetati

242 946 412 1029 spadonem
447 947 578 1028 eiusque
612 950 728 1010 sortem
761 946 898 1027 quodam
926 946 1020 1011 modo
1054 966 1128 1010 cum
1151 950 1236 1011 sorte
1259 945 1389 1011 alterius

243 1053 380 1117 eunuchi
400 1052 642 1135 comparandam
663 1052 865 1137 significauit.
890 1054 1007 1117 etenim
1028 1055 1058 1131 6,
1079 1055 1122 1117 30
1141 1054 1218 1118 haec
1236 1053 1389 1137 legimus:

243 1160 384 1237 ‘alterius
418 1160 576 1225 somnium
610 1158 663 1244 (cf.
693 1159 770 1225 Gen.
806 1162 860 1237 40,
891 1162 931 1225 16
961 1165 1041 1244 sqq.)
1068 1180 1130 1225 non
1163 1161 1245 1224 libet
1275 1160 1389 1225 dicere.

242 1266 432 1330 meministis
452 1269 536 1330 certe
555 1266 724 1331 uerbomm
744 1286 896 1346 meorum,
917 1267 998 1348 quod
1020 1267 1115 1332 etiam
1130 1270 1207 1331 tunc
1219 1266 1390 1350 refugerim

244 1374 312 1438 eius
345 1373 636 1457 interpretationem
668 1373 700 1437 in
734 1392 780 1451 eo,
815 1374 907 1438 cuius
942 1375 1060 1439 exitum
1093 1374 1225 1457 refugio,
1253 1376 1389 1438 mortem

242 1481 409 1555 horresco‘,
426 1480 579 1544 deludes.
596 1482 653 1545 33:
674 1485 722 1547 ‘et
736 1482 879 1547 factum
895 1485 955 1547 est
967 1482 1072 1564 inquit
1084 1486 1171 1566 post
1185 1481 1390 1545 biennium’

243 1586 296 1671 (cf.
327 1586 405 1653 Gen.
434 1589 488 1665 41,
524 1588 567 1673 1).
600 1589 736 1653 mentior
768 1589 806 1653 de
839 1590 900 1654 hoc
931 1590 1030 1654 nostri
1059 1589 1207 1673 spadonis
1235 1591 1388 1670 tempore,

242 1686 307 1759 nisi¹
323 1697 355 1759 et
373 1694 439 1759 dies
460 1694 610 1760 conuenit
629 1746 636 1760 .
654 1745 660 1760 .
678 1748 685 1761 .
706 1696 763 1761 sed
782 1696 845 1761 cito
865 1696 949 1761 hunc
967 1695 1074 1761 locum
1091 1697 1267 1777 praetereat
1290 1694 1390 1772 dolor,

243 1820 282 1865 nc
300 1801 370 1883 ipsa
389 1802 687 1867 commemoratione
706 1803 885 1879 crudescat;
909 1822 949 1868 ne
967 1803 1070 1885 ipsius
1090 1801 1217 1883 quidem
1237 1801 1390 1865 sermonis

243 1907 307 1972 mei
320 1908 503 1973 meminisse
518 1909 665 1985 delectat,
686 1930 778 1992 quem
799 1913 875 1974 tunc
894 1909 1047 1992 temporis
1066 1910 1119 1973 uel
1138 1908 1284 1972 effuderit
1302 1908 1392 1972 dolor

244 2015 298 2077 uel
312 2014 476 2079 extorserit
491 2016 642 2080 ecclesiae
659 2016 872 2094 contumelia’,
888 2016 1022 2098 denique
1038 2035 1064 2081 s.
1081 2017 1138 2079 35:
1150 2015 1289 2078 ‘etDoec
1302 2034 1391 2097 prae-

243 2122 368 2204 positus
387 2125 455 2186 erat
473 2128 505 2185 ct
522 2124 722 2206 praepositus
742 2124 825 2207 regis
845 2124 1028 2188 animalium
1047 2123 1087 2187 ad
1106 2122 1306 2203 disciplinam
1320 2140 1389 2184 mu-

243 2228 357 2306 lorum,
385 2228 445 2293 hoc
474 2232 524 2293 est
551 2230 726 2311 spadonum
752 2231 945 2295 animalium.
970 2230 1021 2294 hic
1045 2248 1171 2311 quoque
1195 2228 1392 2293 sacerdotem

245 2334 364 2399 domini
379 2336 494 2401 detulit
510 2338 542 2400 et
554 2356 662 2421 regem
676 2337 785 2402 fraude
803 2338 966 2403 conmouit
978 2337 1010 2400 in
1026 2335 1199 2401 sacerdotis
1214 2334 1392 2418 periculum

245 2445 278 2506 et
309 2441 361 2505 hic
391 2442 489 2525 Syrus
523 2446 598 2507 crat.
631 2464 706 2507 num
735 2446 881 2522 mentior,
911 2444 1036 2527 quando
1065 2448 1097 2507 et
1123 2441 1226 2524 patria
1253 2445 1286 2506 et
1307 2442 1392 2506 facta

245 2549 459 2613 conueniunt?
482 2549 583 2614 Amen
608 2569 732 2633 quoque
756 2551 904 2616 cubiculo
928 2551 1013 2633 regis
1037 2554 1070 2613 et
1091 2551 1160 2633 ipse
1178 2548 1390 2632 praepositus,

245 2655 320 2720 dum
348 2656 498 2721 inuadere
527 2655 679 2721 ecclesias
708 2658 827 2722 domini
854 2658 986 2739 inproba
1017 2655 1196 2721 temeritato
1229 2654 1394 2719 contendit

243 2763 461 2846 populumque
489 2763 614 2827 tidelem
643 2765 778 2847 spoliare
807 2784 843 2830 ac
866 2764 1024 2846 persequi,
1049 2762 1201 2846 grauibus
1225 2760 1392 2844 sacrilegia

245 2868 411 2951 suppliciis
430 2869 597 2951 expendit’.
623 2890 718 2953 quem
743 2875 850 2936 autem
873 2872 1034 2936 hominem
1057 2869 1108 2934 his
1130 2868 1210 2935 locis
1234 2849 1391 2951 significa-
1500 2896 1503 2900 ·

245 2976 329 3040 uerit
346 2975 545 3054 Ambrosius
570 2978 708 3060 epistula
731 2998 827 3060 quam
851 2979 890 3043 ad
908 2978 1124 3043 Mareellinam
1148 2995 1287 3040 sororem
1311 2992 1391 3038 anno

245 3063 469 3148 ¹CCCLXXXV
502 3085 597 3165 paulo
632 3088 706 3167 post
738 3086 824 3150 diem
851 3086 938 3151 louis
968 3088 1040 3149 ante
1067 3103 1196 3168 pascam
1209 3081 1234 3169 ¹)
1263 3081 1393 3163 scripsit

245 3208 302 3254 nos
337 3189 461 3255 edoceri
492 3191 556 3256 iem
589 3211 685 3273 supra
712 3192 859 3257 diximus.
892 3193 937 3257 ibi
966 3193 1048 3256 enim
1077 3194 1118 3275 (s.
1143 3192 1198 3273 28)
1221 3192 1391 3271 postquam

247 3295 284 3360 de
312 3295 513 3378 imperatoris
541 3298 753 3363 Ualentiniani
784 3299 917 3364 iunioris
949 3298 1106 3363 mandatis
1139 3315 1265 3380 quoque
1296 3294 1391 3358 modo

246 3421 280 3466 se
305 3404 373 3468 eius
398 3404 539 3470 notarius
564 3406 760 3489 comitesque
785 3407 962 3490 gessissent
984 3406 1140 3488 exposuit,
1159 3404 1237 3468 haec
1256 3400 1392 3465 addidit:

245 3508 390 3591 ‘denique
429 3510 526 3574 etiam
563 3511 692 3593 speciali
730 3512 928 3595 expressione
966 3511 1150 3594 Calligonus
1192 3507 1392 3593 praepositus

247 3615 387 3681 cubiculi
419 3615 498 3680 mihi
530 3618 679 3683 mandare
712 3638 809 3683 ausus
844 3623 906 3683 est:
940 3624 1001 3683 ‘me
1033 3618 1109 3683 uiuo
1142 3620 1178 3681 tu
1215 3613 1391 3679 contemnis

245 3722 525 3788 Ualentinianum?
559 3727 655 3807 caput
685 3726 745 3790 tibi
778 3727 879 3792 tollo'.
912 3725 1075 3808 respondi:
1108 3724 1196 3788 ‘deus
1228 3721 1394 3805 permittat

246 3828 305 3891 tibi
337 3831 375 3892 ut
406 3829 539 3912 impleas
569 3832 653 3914 quod
681 3832 821 3898 minaris.
856 3852 915 3918 ego
943 3832 1046 3915 patiar
1073 3830 1158 3914 quod
1181 3828 1332 3911 episcopi,
1356 3830 1392 3890 tu

244 3935 342 4001 facies
370 3938 455 4017 quod
481 3938 663 4019 spadonis.’‘
686 3941 768 4005 hunc
796 3941 897 4023 igitur
924 3939 1135 4024 Calligonum,
1163 3935 1323 4001 hominem
1355 3952 1392 3997 ex

247 4041 336 4125 Syria
368 4043 544 4123 oriundum,
578 4047 633 4129 qui
665 4048 866 4129 praepositus
900 4046 1039 4112 cubiculi
1067 4041 1280 4110 Ualentiniani
1311 4039 1392 4104 iuni-

246 4149 310 4214 oris
337 4149 408 4229 fuit,
439 4152 513 4233 quia
540 4173 730 4237 quamquam
759 4154 857 4237 spado
886 4154 989 4237 stupri
1021 4149 1284 4219 consuetudinem
1318 4166 1392 4211 cum

293 4341 313 4409 1)
333 4340 366 4395 cf.
385 4342 446 4397 Ihm
464 4361 489 4413 p.
509 4345 553 4398 tt.
