3175 5017
214 424 278 489 ΗΠ
674 418 895 473 Praefatio.

214 620 377 699 tamquam
410 635 509 680 unum
544 615 734 698 opusculum
768 614 954 679 coniunctos
982 614 1100 697 legisse
1124 633 1196 678 mcx
1220 634 1363 699 compro-

214 724 352 789 bsbItur.
389 742 480 806 porro
519 742 554 787 er
590 722 707 801 uerbis,
741 742 822 804 quae
859 722 891 785 in
923 722 1004 790 libro
1039 722 1076 786 de
1108 721 1198 787 Isaac
1233 724 1307 801 663,
1341 726 1363 789 8

215 833 379 915 leguntur:
407 830 479 894 ‘ianr
511 830 674 912 praeteriit
705 830 841 912 hiemps,
868 830 902 893 id
930 833 980 893 est
1006 830 1096 893 uenit
1123 832 1249 911 pascha,
1273 832 1366 895 uenIt

215 938 422 1021 indulgentia,
443 938 573 1002 aduenit
594 938 740 1001 remissio
764 940 979 1019 peccatorum>
997 956 1059 1001 non
1083 937 1150 1002 sine
1169 938 1236 1002 ueri
1257 940 1364 1021 specle

216 1046 353 1111 conicias
378 1045 428 1109 his
452 1064 531 1127 quae
556 1064 630 1109 sane
655 1045 693 1109 ad
711 1044 819 1108 locum
838 1042 960 1109 Cantici
980 1045 1009 1123 2,
1033 1046 1071 1108 11
1091 1044 1363 1128 interpretandum

216 1152 373 1237 pertinent
405 1152 501 1217 simul
531 1155 659 1234 tempus
693 1150 923 1230 sermonum,¹)
956 1170 992 1214 en
1024 1152 1140 1232 quibus
1173 1152 1201 1215 is
1232 1152 1364 1217 libellus

217 1262 352 1335 constet,
385 1258 526 1323 indicari.
561 1278 596 1324 11
628 1261 790 1340 praeterea
822 1257 973 1322 orationis
1002 1258 1156 1323 indicium
1185 1257 1367 1324 continetur
1418 1336 1421 1340 ,

217 1366 323 1430 uerbis
350 1366 424 1444 696,
451 1368 490 1429 19
515 1365 645 1431 ‘audisti
669 1365 815 1429 dudum
840 1352 1018 1432 dicentem'.
1045 1366 1237 1447 opusculum
1257 1369 1365 1430 autem

219 1474 256 1537 de
293 1473 374 1537 bono
408 1472 520 1537 mortis
553 1493 588 1536 ex
623 1472 821 1538 sermonibus
854 1472 1077 1537 concinnatum
1111 1492 1181 1538 esse
1221 1473 1367 1538 clausula

217 1581 273 1645 illa
305 1581 336 1643 in
370 1581 466 1645 calce
490 1579 622 1657 adlecta,
655 1578 747 1643 cuius
776 1598 871 1661 supra
894 1580 1086 1643 mentionem
1109 1580 1255 1657 fecimus,
1281 1599 1365 1644 com-

218 1688 345 1770 probari
372 1687 508 1752 uidetur.
537 1686 725 1751 accedamus
753 1673 817 1760 iam
841 1686 879 1749 ad
902 1686 1019 1750 librum
1043 1687 1081 1752 de
1104 1687 1184 1766 Noe,
1209 1688 1247 1751 de
1272 1687 1365 1752 cuius

219 1794 340 1878 origine
373 1793 457 1857 idem
491 1792 644 1874 suspicari
677 1793 762 1857 licet.
796 1793 957 1857 artissImo
990 1794 1074 1858 enim
1106 1814 1180 1859 cum
1206 1794 1297 1859 libris
1326 1795 1367 1859 11

218 1901 378 1966 Abraham
402 1900 532 1965 uinculo
557 1900 775 1964 consociatum
799 1918 870 1963 esse
894 1920 931 1964 11
955 1920 1035 1983 quae
1058 1901 1090 1965 in
1113 1902 1227 1965 horum
1250 1902 1365 1985 prioris

220 2009 321 2073 fronte
353 2008 492 2091 legimus
525 2010 697 2071 testantur:
731 2007 890 2088 ‘quoniam
913 2026 971 2090 per
994 2007 1133 2072 ordinem
1157 2008 1253 2076 buius
1278 2028 1367 2091 quo-

220 2135 294 2198 que
327 2114 520 2196 patriarchae
555 2117 645 2197 gesta
677 2113 874 2178 considerare
903 2114 1044 2179 animum
1072 2115 1192 2181 subiit'.
1222 2115 1279 2180 sed
1305 2115 1369 2180 hoc

219 2222 289 2287 loco
313 2222 403 2286 nobis
428 2221 551 2285 occasio
577 2222 683 2286 oblata
706 2240 777 2287 esse
800 2222 939 2300 uidetur,
959 2225 996 2286 ut
1020 2222 1057 2286 de
1081 2221 1263 2287 Cassiodori
1284 2224 1367 2300 loco,

221 2328 275 2411 qui
307 2329 385 2393 inst.
420 2328 517 2393 diuin.
550 2328 613 2393 litt.
646 2330 659 2391 1
693 2331 838 2393 sanctum
871 2328 1076 2394 AmbrosIum
1110 2329 1147 2393 11
1180 2329 1369 2411 patrIarchis

222 2438 343 2518 septem
372 2435 470 2500 libros
499 2435 635 2500 edidisse
664 2436 768 2514 refert,
794 2436 972 2500 accuratius
1001 2438 1213 2521 disputemus.
1238 2439 1367 2501 etcum

221 2543 249 2607 11
283 2561 309 2605 1.
345 2542 363 2604 5
397 2541 603 2606 Ambrosium
635 2541 673 2606 de
701 2543 790 2607 Isaac
823 2544 856 2607 in
883 2543 963 2607 libro
992 2544 1086 2609 tertio
1118 2544 1370 2627 patriarcharum

221 2650 366 2715 locutum
399 2668 469 2714 esse
503 2650 624 2727 dixerit,
656 2649 689 2713 id
725 2650 864 2733 primurn
898 2651 1068 2733 quaeritur,
1106 2655 1213 2715 utrum
1250 2650 1367 2714 librum

220 2756 358 2838 primum
383 2759 414 2820 et
433 2757 567 2819 alterurn
586 2756 624 2820 de
643 2757 804 2821 Abrabam
822 2761 985 2840 tamquam
1005 2758 1085 2823 duos
1103 2759 1134 2824 iu
1156 2757 1370 2839 computando

224 2882 293 2927 1111
317 2863 457 2927 uoluerit
480 2882 518 2926 an
541 2862 615 2926 illos
638 2866 802 2945 tamquam
825 2883 924 2929 unum
948 2883 1019 2929 esse
1043 2868 1074 2928 et
1100 2864 1240 2948 primum
1262 2864 1371 2927 locum

124 2988 125 2991 ¹
224 2968 413 3051 opusculum
447 2967 485 3031 de
517 2968 586 3033 Noe
622 2968 764 3034 obtinere
796 2969 1034 3052 significauen‘t.
1072 2990 1144 3034 nam
1177 2988 1369 3051 quamquam

223 3075 411 3140 Ambrosius
434 3075 466 3138 in
489 3075 565 3139 libri
589 3076 627 3139 de
650 3075 765 3158 Ioseph
796 3076 920 3141 exordio
948 3080 1074 3141 tantum
1096 3076 1256 3142 Abraham
1279 3077 1372 3140 Isaac

223 3182 318 3247 Iacob
344 3182 615 3258 commemorauIt,
638 3182 706 3247 Noe
730 3186 837 3247 autem
861 3202 922 3247 non
946 3183 1132 3262 nominauit,
1156 3187 1262 3248 tamen
1285 3183 1372 3246 hunc

226 3307 351 3371 quoque
378 3288 567 3370 patriarchis
596 3289 634 3352 ab
664 3308 699 3355 eo
729 3290 971 3353 adnumeratum
994 3309 1064 3354 esse
1088 3294 1121 3353 et
1143 3310 1199 3371 per
1222 3310 1256 3353 se
1279 3290 1391 3353 intel·

224 3396 343 3478 legitur
367 3399 399 3459 et
422 3414 457 3459 ex
481 3396 526 3461 111
552 3415 631 3479 quae
657 3415 752 3479 supra
776 3396 952 3461 adtulimus
976 3398 1090 3463 elucet.
1116 3398 1172 3461 sed
1196 3398 1224 3461 11
1248 3400 1372 3479 septem

226 3620 334 3673 armarii
357 3619 409 3673 840
432 3620 499 3673 haec
521 3620 660 3689 inscriptio
683 3620 798 3689 legit-ur:
823 3621 972 3677 ‘INCIPIT
994 3622 1102 3677 LIBER
1123 3622 1159 3676 II.
1177 3622 1288 3677 suari
1307 3624 1373 3679 AM-

225 3708 348 3763 BROSII
365 3710 414 3763 DE
432 3706 692 3764 Pauulnucfflsr
712 3711 863 3764 Parisiacus
884 3713 970 3767 11624
988 3712 1017 3765 iu
1034 3712 1104 3767 libro
1128 3712 1162 3765 de
1179 3711 1280 3782 Ioseph
1303 3713 1374 3765 hanc

225 3798 339 3866 praebet
346 3798 560 3868 inscriptionem:
572 3796 718 3853 ‘INCIPIT
728 3799 893 3853 EIUSDEM
899 3800 1008 3853 LIBER
1021 3801 1155 3855 PRIMVS
1165 3801 1213 3855 DE
1221 3800 1259 3855 10
1264 3800 1374 3863 SEPH‘,

227 3887 349 3957 sequitur
371 3886 481 3941 libellus
504 3886 537 3940 de
560 3886 795 3942 benedictionibus
819 3889 1031 3958 patriarcharum
1055 3889 1233 3959 inscriptione
1250 3906 1305 3943 nou
1324 3888 1373 3942 11-

227 3978 306 4030 iecta.
335 3976 404 4029 adde
430 3975 502 4045 quod
526 3976 555 4029 in
584 3978 708 4047 catalogo
736 3976 926 4047 bybliothecae
952 3980 1111 4033 monasterii
1136 3977 1375 4032 Laureshameusis

228 4066 335 4120 saeculo
359 4064 463 4121 decimo
487 4065 588 4135 scripto
611 4066 640 4119 hi
664 4066 752 4121 libelli
777 4084 830 4119 uuo
853 4067 974 4121 indiculo
999 4067 1041 4121 ‘de
1064 4068 1224 4137 patriarchis
1247 4068 1312 4121 libri
1335 4068 1374 4122 II’

228 4153 491 4224 comprehenduntur
510 4154 555 4221 (ci.
575 4154 680 4209 Becker
698 4154 757 4209 dat.
777 4156 843 4209 bibl.
863 4160 918 4209 aut.
938 4157 981 4222 37,
1000 4157 1074 4224 292).

276 4243 295 4309 ¹)
314 4242 402 4296 habiti
426 4244 490 4296 sunt
512 4246 559 4297 aut
585 4244 644 4313 ipsa
667 4261 764 4313 pascae
786 4244 957 4300 hebdomade
980 4250 1029 4301 aut
1052 4262 1084 4299 ea
1106 4246 1159 4299 iam
1183 4248 1322 4301 transacta
1345 4248 1376 4301 in

228 4349 306 4385 usum
326 4348 416 4383 eorum
436 4332 483 4399 qui
500 4331 576 4385 fonte
595 4350 670 4386 sacro
689 4334 798 4387 lustrati
818 4338 903 4388 erant.
