3175 5017
257 456 323 520 598
729 449 928 503 Ambrosii

258 648 363 711 simile
394 645 538 728 peccati?
570 645 674 710 feruet
706 644 789 708 enim
822 644 924 726 primo
953 642 1047 724 culpa
1073 643 1195 724 impetu
1224 643 1256 704 et
1279 659 1406 704 omnem

258 755 336 819 recti
359 753 592 838 cogitationem.
607 751 771 835 praeuenit
794 754 948 833 motuque
971 750 1128 814 inmaturo
1153 749 1250 826 exilit,
1274 750 1311 812 ut
1334 767 1404 811 eam

258 860 388 926 difficile
410 861 491 924 ratio
514 878 663 923 reuocare
682 858 796 942 possit.
820 858 919 922 fertur
936 857 969 920 in
986 876 1137 940 praeceps
1157 860 1189 920 et
1208 873 1407 920 ascensorem

259 988 353 1032 suum
385 966 501 1050 proicit
532 967 564 1029 in
596 985 683 1030 mare
714 964 804 1030 istud
836 965 932 1029 huius
965 965 1086 1029 sacculi
1122 963 1244 1028 ceruice
1281 959 1408 1026 tumida

258 1092 407 1138 recusans
443 1072 556 1156 iugum
593 1071 811 1152 correptionis.
850 1073 900 1135 est
936 1070 1083 1153 specialis
1121 1068 1275 1150 quaedam
1306 1067 1408 1131 forma
1425 1088 1440 1129 s
1459 1076 1554 1130 331A

258 1180 410 1256 libidinis,
433 1199 512 1261 quae
531 1197 644 1244 uocem
660 1181 766 1243 mutet
783 1177 933 1256 hominis,
952 1178 1050 1242 uerba
1069 1177 1203 1240 amantis
1226 1176 1409 1254 corrumpat

260 1288 389 1368 suisque
422 1306 456 1351 se
488 1283 602 1368 prodat
633 1285 844 1350 sermonibus.
878 1284 1013 1366 denique
1042 1284 1080 1348 ad
1103 1281 1215 1346 Iudam
1243 1281 1320 1346 dicit
1352 1299 1409 1363 per

258 1394 452 1458 Hieremiam
477 1393 623 1457 dominus
648 1392 741 1456 deus:
774 1411 871 1456 nunc
894 1391 1090 1456 uidebitur
1112 1389 1320 1474 ignominia
1343 1391 1409 1450 tua

260 1504 297 1566 et
324 1501 559 1566 adulterium
587 1502 625 1564 et
651 1499 825 1564 hinnitus
855 1502 892 1563 et
924 1497 1106 1563 alienatio
1139 1479 1408 1562 fornicationis

259 1611 347 1673 tuae
380 1627 493 1691 supra
524 1608 654 1672 colles.
688 1608 771 1670 hunc
799 1607 905 1670 iustus
934 1605 1059 1669 reduxit
1086 1603 1275 1686 equitatum,
1303 1619 1409 1665 mores
1429 1625 1459 1665 ιο

262 1734 387 1798 quoque
411 1714 597 1780 declinantis
622 1714 783 1777 conuertit
813 1715 845 1776 et
877 1712 916 1776 ad
945 1731 979 1776 se
1006 1712 1145 1788 uocauit,
1174 1714 1211 1774 ut
1232 1710 1410 1773 imitatores

262 1823 313 1887 sui
339 1822 450 1885 fierent
478 1821 531 1902 qui
560 1820 758 1900 deflexerant,
788 1820 863 1901 quia
887 1839 999 1884 sensus
1023 1818 1123 1884 nostri
1146 1818 1185 1881 ad
1209 1815 1410 1898 disciplinam

194 1925 238 1989 44
261 1927 377 1993 mentis
395 1932 570 2005 recurrunt,
590 1928 802 1992 substantiam
820 1946 944 2010 quoque
959 1927 1088 2009 recepit.
1108 1944 1169 1989 non
1184 1923 1408 2007 patrimonium
1482 1931 1507 1984 B

262 2035 374 2118 utique
403 2034 572 2118 significat,
597 2034 653 2098 sed
676 2034 807 2098 uitalem
833 2035 955 2098 animae
979 2032 1201 2109 substantiam,
1225 2031 1257 2094 in
1282 2048 1345 2111 qua
1369 2028 1413 2092 sit

262 2141 422 2224 pretiosus
450 2161 577 2219 census,
605 2160 666 2205 non
695 2141 824 2223 stipula,
854 2161 915 2206 non
939 2141 1076 2218 faenum,
1100 2140 1131 2202 in
1156 2157 1218 2221 qua
1241 2138 1284 2202 sit
1306 2135 1412 2200 fidelis
1432 2160 1462 2198 15

263 2248 394 2330 alloquii
417 2248 575 2330 splendor,
600 2248 632 2311 in
656 2267 719 2330 qua
741 2252 867 2312 nostrae
897 2267 1010 2313 census
1039 2247 1194 2311 subsistat
1222 2244 1299 2328 spei.
1333 2243 1414 2306 haec

263 2358 313 2420 est
344 2355 427 2419 enim
460 2373 536 2419 uera
566 2357 675 2419 nostra
708 2355 897 2432 substantia,
932 2373 1011 2437 quae
1039 2357 1089 2418 est
1116 2352 1288 2434 sapientiae
1319 2349 1412 2415 diues

263 2462 374 2544 copiis,
393 2461 472 2526 haec
490 2461 668 2526 inmortalis
688 2461 882 2536 substantia;
910 2461 1050 2544 corporis
1070 2463 1177 2524 autem
1196 2459 1249 2522 uel
1268 2457 1412 2522 acciden-

262 2569 344 2633 tium
363 2569 496 2634 diurnus
514 2569 618 2652 magis
643 2588 738 2650 quam
761 2568 930 2632 diuturnus
954 2587 1043 2632 usus.
1068 2567 1151 2630 unde
1175 2565 1303 2649 quidam
1327 2567 1413 2628 recte

263 2694 324 2739 non
347 2678 461 2757 putant
482 2675 664 2756 patrimonii
687 2674 750 2739 dici
769 2675 995 2751 substantiam
1019 2693 1080 2739 non
1100 2674 1184 2738 enim
1203 2671 1413 2737 subsistimus
1434 2679 1505 2735 acc

263 2780 295 2843 in
328 2799 376 2858 eo,
410 2800 483 2845 cum
516 2785 548 2845 et
578 2781 644 2846 illis
678 2781 793 2863 quibus
827 2782 911 2846 desit
941 2781 1075 2864 pecunia
1102 2781 1188 2844 uitae
1215 2782 1321 2842 tamen
1350 2796 1413 2840 non

265 2887 349 2951 desit
368 2887 556 2952 substantia.

175 2991 261 3071 8,45
307 2994 354 3058 De
377 2993 612 3059 Melchisedech
640 2995 672 3058 in
701 2997 838 3059 tractatu
866 2995 977 3059 morali
1003 2995 1096 3077 plene
1121 2993 1267 3071 diximus,
1291 2991 1324 3054 in
1350 3009 1414 3073 quo
1482 3001 1507 3052 1)

265 3104 298 3165 et
328 3100 515 3183 mysterium
547 3119 745 3184 nequaquam
774 3103 979 3184 praeteritum
1010 3119 1045 3166 ac
1068 3099 1329 3183 praetermissum
1354 3099 1415 3175 est,

354 3311 371 3364 3
390 3309 473 3364 Exod.
496 3313 536 3374 15,
559 3313 570 3364 1
593 3315 622 3366 et
639 3311 672 3365 21
729 3311 745 3365 8
764 3311 838 3364 Hier.
860 3310 902 3374 13,
922 3311 956 3364 26
975 3326 1016 3379 sq.
1077 3308 1111 3362 23
1131 3308 1163 3362 cf.
1183 3309 1240 3370 13,
1262 3308 1294 3361 16

304 3445 469 3512 limpetur'n
488 3445 516 3497 P
569 3444 730 3508 tinuaturo
751 3447 788 3510 (m
807 3459 827 3496 s.
848 3443 920 3508 p)P
972 3441 1211 3545 dproiecitCMs
1268 3439 1343 3494 istud
1363 3457 1416 3494 om.

266 3561 293 3613 B
348 3563 509 3614 5rccusans
528 3560 551 3629 (s
572 3559 621 3613 alt.
642 3576 675 3613 ex
693 3563 716 3625 t)
736 3559 764 3611 P
824 3558 999 3613 correctionis
1017 3557 1139 3611 DNOM
1195 3557 1263 3610 &P
1317 3559 1417 3624 'ipro-

268 3648 315 3701 dat
336 3649 467 3702 Gelenius
485 3649 583 3719 probat
602 3649 669 3701 libri
731 3648 821 3713 8npn
840 3653 903 3713 (unc
921 3664 942 3701 s.
963 3653 1008 3714 on)
1028 3648 1055 3699 P
1089 3631 1091 3634 ¹
1122 3646 1319 3700 9adulteriurn
1338 3648 1418 3698 tuum

266 3737 328 3790 DN
380 3741 408 3790 et
425 3737 550 3790 hinnitus
570 3740 597 3790 et
616 3736 779 3790 adulterium
793 3737 821 3788 B
877 3736 910 3791 10
923 3737 1002 3804 salso
1018 3735 1146 3788 distiterit
1159 3735 1418 3801 Ambrosios5acaa

267 3843 349 3896 snpra
376 3827 457 3879 colles
480 3827 559 3880 Hiar.
584 3829 627 3888 13,
652 3829 693 3879 26
715 3842 753 3893 sq.
777 3826 900 3893 pertinet
924 3825 963 3878 od
990 3825 1165 3878 casaliacum
1193 3823 1268 3891 qaod
1293 3823 1420 3890 sequitur

303 3931 383 3983 super
400 3914 434 3968 N
468 3915 500 3967 12
520 3916 578 3984 qul]
598 3915 645 3983 qui
664 3932 680 3967 a
698 3931 727 3967 se
746 3915 774 3966 B
818 3915 850 3968 13
870 3930 994 3983 quoque.
1008 3913 1224 3967 ..substantiam
1242 3912 1274 3964 a'a
1292 3927 1344 3979 asp.
1364 3911 1418 3978 a'raf.

267 4007 310 4056 ml
326 4004 354 4055 P
460 4003 564 4073 recepit
586 4003 626 4056 ed.
650 4001 729 4057 Rom.
755 4003 854 4072 recipit
878 4003 943 4056 libri
1051 4001 1215 4070 patrimonia
1239 4004 1266 4068 (u
1285 4015 1319 4072 aar
1337 4003 1363 4064 a)
1387 3999 1420 4051 T‘

270 4091 303 4144 15
323 4108 417 4145 sensus
435 4092 463 4144 B
482 4095 513 4157 (s.
533 4095 581 4144 m3
598 4092 612 4144 l
630 4094 735 4156 census)
756 4091 886 4154 PDll'M,
906 4108 957 4147 om.
980 4091 1003 4144 0
1065 4090 1092 4142 in
1113 4105 1165 4158 quo
1185 4086 1306 4142 DNCM
1369 4088 1419 4140 sit*

268 4179 357 4233 fidelis
377 4180 476 4245 (fidelis
495 4181 527 4234 aba
544 4184 612 4246 ras.)
632 4181 660 4232 P
714 4181 747 4234 16
767 4179 900 4233 subsistat
920 4180 947 4246 (b
967 4195 1001 4232 aar
1019 4183 1042 4247 s)
1061 4179 1089 4231 P
1143 4178 1175 4231 17
1195 4179 1289 4229 nostra
1306 4192 1373 4228 uera
1392 4177 1419 4228 B

270 4268 304 4321 18
331 4268 483 4322 inmortalis
503 4270 523 4334 (i
543 4269 592 4322 alt.
612 4286 645 4322 ex
664 4272 688 4335 e)
708 4269 736 4321 P
826 4267 1005 4323 accidentium
1025 4268 1062 4321 M
1078 4266 1211 4320 Macrini
1231 4263 1418 4318 accedentium

270 4357 335 4411 libri
389 4359 424 4412 20
442 4357 635 4427 patrimonium
654 4357 718 4410 DN
