3175 5017
355 465 397 518 Dc
414 465 492 520 Isaac
511 465 555 519 uel
573 466 664 520 anima
682 467 708 534 4,
729 468 833 524 14-16
869 469 894 536 (Ι
913 467 963 523 361
985 469 1094 525 C-362
1114 471 1157 537 Β).
1267 474 1331 538 653

189 679 410 744 cognoscas
446 665 494 740 te,
533 662 676 728 decora
707 662 815 727 inter
847 664 1051 730 mulieres.
1076 685 1158 748 quae
1191 668 1330 749 quereris

189 769 270 850 quod
301 769 412 834 relicta
443 769 498 845 sis,
526 769 589 834 nisi
616 773 648 832 te
676 789 861 854 cognoscat,
890 771 951 834 nisi
978 774 1009 836 te
1037 773 1198 855 paeniteat
1219 774 1329 856 lapsus
1358 777 1379 832 F

187 875 244 955 tui,
275 876 337 941 nisi
367 877 574 940 intentionem
606 877 786 942 deuotionis
819 878 984 962 adprobas,
1017 879 1079 944 nisi
1110 879 1188 945 fides
1216 884 1271 946 tua
1300 885 1331 946 et

187 983 351 1049 sinceritas
371 985 536 1068 augeatur,
556 984 696 1066 querella
715 984 795 1048 nihil
813 985 963 1066 proderit.
984 990 1039 1050 aut
1058 987 1116 1052 sic:
1139 988 1201 1053 uisi
1215 1007 1330 1072 cogno·

154 1113 166 1152 a
186 1110 254 1156 scas
273 1094 306 1156 te
325 1091 400 1173 quia
417 1091 530 1156 decora
550 1111 594 1166 es,
614 1091 675 1155 uisi
694 1093 963 1175 pulchritudinem
982 1098 1111 1159 naturae
1130 1097 1203 1159 tuae
1222 1114 1329 1160 seruas

185 1201 217 1263 et
248 1199 389 1281 corporis
421 1202 454 1264 te
490 1198 668 1263 inlecebrae
705 1219 766 1264 nou
805 1197 989 1284 demergant
1025 1221 1081 1266 neo
1116 1201 1332 1284 inpedimenta

185 1306 354 1385 detineant,
383 1306 462 1370 nihil
489 1306 549 1371 tibi
572 1308 735 1371 creaturae
758 1307 899 1371 melioris
922 1307 1072 1372 nobilitas
1096 1308 1328 1391 suffragabitur.

100 1407 138 1470 16
229 1413 392 1497 Cognosce
423 1414 522 1498 igitur
554 1418 585 1478 te
615 1416 647 1477 et
673 1417 804 1478 naturae
832 1417 906 1478 tuae
934 1414 1079 1478 decorem
1108 1417 1140 1480 et
1167 1414 1215 1479 eri
1239 1415 1330 1497 quasi

183 1525 276 1585 eruta
305 1521 444 1586 uinculis
473 1521 587 1603 pedem
620 1524 652 1585 et
684 1521 769 1587 nudo
803 1525 925 1586 exserta
953 1522 1101 1606 uestigio,
1129 1525 1167 1586 ut
1194 1522 1330 1586 carnalia

139 1646 165 1686 ro
182 1627 392 1711 integimenta
422 1648 483 1693 nou
515 1628 645 1705 sentias,
679 1628 855 1712 uestigium
892 1628 1008 1693 mentis
1045 1633 1118 1693 tuae
1155 1629 1330 1712 corporalia

183 1732 311 1797 uincula
334 1753 395 1798 non
418 1734 581 1817 inplicent,
610 1739 647 1797 ut
673 1753 730 1817 pes
757 1738 835 1799 tuus
864 1735 1029 1818 speciosus
1058 1735 1215 1819 adpareat.
1246 1734 1426 1800 tales362A

184 1840 266 1903 enim
294 1844 371 1905 sunt
398 1841 453 1923 qui
480 1841 519 1904 ad
546 1861 679 1926 regnum
707 1841 866 1905 caelorum
895 1841 1145 1907 adnuntiandum
1168 1842 1329 1926 eliguntur

184 1947 362 2025 adomino,
387 1948 566 2031 dequibus
594 1949 715 2014 dictum
743 1953 808 2014 est:
844 1969 955 2032 quarn
992 1949 1175 2032 speciosi
1206 1949 1327 2031 pedes

185 2055 559 2139 euangelizantium
605 2059 759 2138 pacem!
805 2056 880 2121 talis
921 2057 1061 2138 Moyses,
1104 2057 1156 2121 oui
1198 2057 1327 2121 dicitur:

141 2165 297 2228 rasolue
340 2162 655 2228 calciamentum
696 2163 839 2246 pedum
876 2167 1044 2242 tuorum,
1082 2166 1119 2228 ut
1155 2168 1328 2229 uacaturus

22 2272 23 2277 ’
182 2271 336 2352 populum
369 2269 408 2333 ad
442 2269 493 2333 dei
524 2289 654 2353 regnum
689 2270 861 2352 deponeret
891 2270 979 2352 prius
1009 2270 1110 2335 carnis
1139 2271 1267 2336 exuuias
1296 2273 1328 2334 et

182 2375 263 2441 nudo
288 2376 401 2459 spiritu
426 2376 628 2461 uestigioque
652 2378 767 2442 montis
790 2377 959 2441 incederet.
988 2378 1047 2442 hoo
1072 2381 1122 2442 est
1144 2396 1218 2461 ergo
1244 2377 1328 2460 quod

183 2482 239 2546 ait:
274 2483 337 2546 eni
370 2487 412 2548 tn
444 2484 482 2547 in
517 2483 725 2549 calcaneis
759 2504 920 2568 gregum
955 2487 993 2548 et
1024 2503 1145 2567 pasce
1176 2485 1325 2549 haedos

182 2587 271 2654 tuos
295 2591 334 2666 in
355 2589 634 2656 tabernaculis
653 2595 874 2674 pastorum,
894 2592 970 2672 quia
988 2611 1044 2675 per
1062 2610 1172 2675 greges
1192 2611 1324 2674 regnum
1352 2598 1375 2651 B

143 2713 166 2752 ²0
181 2697 407 2782 intellegimus,
431 2717 467 2762 eo
492 2697 576 2781 quod
598 2698 769 2780 potestatis
793 2698 837 2763 sit
856 2699 1006 2784 gregibus
1025 2699 1214 2780 praesidere.
1238 2717 1326 2781 prae·

182 2805 262 2870 sidet
300 2809 407 2870 autem
444 2805 665 2886 unusquisque
703 2805 765 2869 sibi
799 2805 934 2886 quadam
966 2808 1125 2888 potestate
1157 2805 1266 2888 regali,
1299 2802 1326 2868 si

182 2913 347 2976 coherceat
378 2911 409 2974 in
445 2931 478 2976 se
512 2912 652 2995 corporis
684 2912 777 2976 luxus
811 2915 843 2976 et
875 2912 1024 2976 seruituti
1050 2911 1175 2995 redigat
1201 2931 1326 2976 carnem

162 3146 165 3150 ί
269 3155 286 3209 8
306 3155 491 3225 ‘cognosce'..
505 3199 510 3211 .
522 3156 583 3223 654,
605 3156 637 3209 12
657 3154 788 3209 ‘hostiles’
812 3155 836 3208 0
854 3157 878 3222 l,
898 3155 933 3209 34
953 3159 981 3209 et
999 3155 1033 3209 35
1055 3155 1079 3221 (Ι
1099 3155 1167 3210 1555
1181 3155 1265 3209 D-F
1279 3155 1326 3225 B.)

184 3245 215 3298 13
233 3245 309 3297 Rom.
332 3243 374 3307 10,
396 3245 428 3298 15
449 3244 521 3298 Esai.
541 3245 622 3308 52,7
678 3245 712 3298 15
730 3243 815 3297 Exod.
836 3245 898 3308 3,5
955 3244 988 3298 18
1008 3244 1085 3300 Cant.
1107 3244 1165 3311 l,8
1338 3247 1343 3252 ’

216 3403 228 3455 1
250 3402 369 3470 quereris
388 3402 452 3465 (orn.
471 3403 552 3471 quae)
570 3403 623 3460 Pa
642 3419 710 3471 quae
728 3403 794 3456 reris
819 3402 846 3455 V
866 3409 891 3457 et
909 3405 989 3469 (corr.
1008 3407 1065 3471 ere2)
1083 3403 1119 3467 A,
1138 3403 1183 3474 (m.
1203 3408 1273 3470 ant)
1292 3403 1326 3460 ⁴21⁴

182 3491 242 3544 ate
261 3491 312 3544 alt.
332 3489 383 3544 del.
397 3492 490 3550 Ana2.
508 3507 529 3544 a.
548 3508 575 3545 ae.
596 3495 643 3544 na2
661 3492 698 3550 Ε,
716 3499 779 3559 poet
797 3493 939 3561 paeniteat
953 3498 1065 3559 ponuat
1083 3491 1133 3545 Tc
1185 3493 1327 3561 peniteant

181 3584 208 3644 (n
225 3597 247 3633 s.
265 3595 293 3636 u.
312 3582 370 3646 m2)
389 3580 416 3632 A
471 3580 488 3634 3
506 3579 658 3634 intentione
677 3580 703 3649 (c
723 3597 756 3634 cx
775 3598 789 3633 e
808 3581 866 3650 2122)
885 3582 911 3633 A
967 3583 984 3634 4
1004 3581 1141 3651 quaerella
1154 3581 1181 3633 A
1200 3581 1327 3650 quaerela

181 3668 236 3722 PV
252 3668 362 3738 querela
379 3674 427 3722 cet.
537 3672 584 3722 aut
604 3674 634 3736 (a.
654 3672 702 3722 arn?
719 3670 732 3722 l
750 3674 792 3736 ao)
813 3672 839 3723 A
859 3686 889 3722 ac
913 3670 967 3724 VN
971 3670 995 3723 Τ
1088 3672 1104 3723 ‘l
1123 3673 1236 3723 naturae
1254 3669 1328 3726 ἯἛ

182 3758 197 3811 8
215 3762 243 3812 et
262 3759 312 3812 alt.
331 3774 381 3811 oen.
402 3756 440 3810 N'
504 3759 576 3812 exies
594 3760 627 3815 tI‘
646 3760 722 3827 exige
741 3759 814 3815 WE
873 3759 889 3813 9
909 3763 1014 3813 exserta
1033 3760 1056 3825 (l
1074 3762 1147 3812 tersa
1164 3762 1211 3812 m2
1229 3775 1250 3812 a.
1270 3775 1324 3812 scr·

180 3850 217 3906 tal
234 3848 262 3898 A
281 3850 389 3914 euterpe
403 3847 434 3909 (a.
450 3848 552 3917 exerta)
568 3846 594 3900 T
611 3851 702 3901 exerta
716 3853 763 3901 cet.
817 3849 850 3901 10
863 3848 1052 3917 integumenta
1065 3848 1104 3900 N‘
1117 3847 1145 3918 (u
1160 3864 1193 3901 eor
1206 3847 1216 3900 i
1230 3850 1287 3913 m2)
1304 3846 1327 3900 O

181 3936 263 4004 atlgi
282 3935 381 4004 aagu)
404 3935 430 3988 Τ
497 3937 527 3989 ll
548 3936 637 3990 uincla
656 3936 761 3992 Parc
829 3938 860 3990 12
881 3937 1023 4006 eleguntur
1042 3937 1100 4002 (ia.
1122 3954 1136 3991 e
1157 3937 1217 4002 alt.)
1237 3935 1325 3989 nalV

181 4026 267 4081 radit
355 4025 388 4079 16
408 4024 556 4096 deponeret
574 4026 647 4094 prius
667 4026 755 4079 carnis
775 4027 886 4080 exuuias
905 4026 932 4078 A
953 4027 976 4087 tl
994 4026 1153 4095 perduceret
1170 4029 1218 4079 m2
1236 4041 1257 4079 a.
1277 4024 1324 4078 de·

182 4117 301 4182 poneret)
320 4112 379 4166 PV
399 4113 560 4183 perduceret
583 4114 740 4184 (perducere
763 4118 811 4167 m2
828 4117 870 4179 21¹,
894 4115 1042 4184 deponeret
1064 4131 1084 4168 a.
1105 4114 1264 4184 perduceret
1285 4114 1323 4179 T)

181 4202 252 4270 prius
271 4201 358 4255 carnia
378 4202 488 4256 exuuias
507 4203 630 4272 (poneret
643 4207 691 4256 m2
703 4220 724 4256 a.
741 4205 850 4256 exuuias
864 4205 906 4271 ἓν)
923 4203 1009 4261 aad
1023 4203 1097 4273 prius
1113 4204 1200 4258 carnis
1215 4203 1324 4257 exuuias

182 4289 326 4360 deponeret
344 4289 418 4347 W‘E
433 4292 592 4360 procederet
613 4293 687 4360 prius
711 4294 800 4345 carnis
824 4292 943 4346 abiciens
963 4293 1072 4346 exuuias
1094 4292 1122 4357 0,
1142 4293 1173 4346 ia
1192 4308 1245 4360 qao
1260 4297 1325 4360 poet

183 4382 211 4431 ut
230 4380 293 4434 add.
314 4379 361 4450 qui
414 4381 450 4434 22
469 4385 592 4435 coerceat
610 4381 716 4437 Parc
