3175 5017
228 430 302 494 XVI
693 430 915 487 Praefatio.

228 627 295 689 eins
315 625 425 691 accitis
445 628 607 707 tamquam
626 626 801 690 luminibus
822 627 997 692 orationem
1016 628 1170 706 distinxit,
1187 629 1381 696 documento

228 734 312 797 suut.
349 733 408 796 hos
429 726 549 817 igitur,
581 736 619 796 ut
655 733 806 797 breuitati
839 735 1047 812 consulerem,
1078 735 1161 799 infra
1191 738 1376 821 paginarum

228 858 444 920 uersuumque
477 840 616 903 numeris
650 840 765 904 adlatis
799 841 1016 921 librorumque
1048 842 1206 907 indicibus
1244 844 1381 910 adiectis

229 946 384 1030 congessi.
395 946 420 1029 ¹)
453 966 550 1010 unum
585 949 710 1011 tantum
743 948 923 1012 accuratius
951 949 1104 1028 tractabo,
1133 969 1171 1013 ea
1199 950 1268 1015 dico
1297 971 1381 1034 quae

227 1073 257 1134 p.
283 1054 335 1131 68,
363 1054 403 1116 10
430 1053 590 1137 leguntur.
630 1056 718 1137 patet
746 1054 799 1119 hic
827 1055 992 1120 Timaeum
1016 1056 1159 1121 Platonis
1182 1078 1214 1140 p.
1239 1059 1282 1121 24
1306 1078 1376 1141 sqq.

227 1159 1380 1244 siguifica1·i,uerumscriptoriorensis,quemAmbrosiuscommemorat,

225 1285 286 1331 non
304 1266 397 1330 Plato
416 1271 476 1345 est,
496 1266 550 1331 sed
571 1266 689 1344 610010,
713 1268 768 1349 qui
791 1269 934 1332 Platonis
958 1269 1122 1333 Timaeum
1138 1270 1377 1354 ¹interpretatus

228 1376 286 1439 est.
312 1393 406 1455 quam
432 1375 471 1439 ob
495 1394 561 1437 rem
585 1375 662 1439 haee
687 1375 783 1439 uerba
805 1375 888 1439 inter
911 1375 1071 1440 Ciceronis
1098 1378 1275 1460 fragmenta
1301 1380 1380 1442 reci-

227 1481 342 1564 pienda
374 1500 444 1545 esse
477 1483 566 1564 puto.
601 1481 715 1562 quodsi
742 1482 892 1546 Foerster
919 1503 949 1563 p.
976 1485 1039 1547 100
1068 1484 1216 1547 eximiam
1243 1484 1274 1547 in
1302 1486 1379 1549 Am·

227 1588 333 1653 brosio
358 1608 463 1653 rerum
488 1588 683 1653 naturalium
706 1588 873 1653 scientiam
895 1588 997 1653 fuisse
1028 1590 1181 1671 censet,2)
1205 1610 1275 1655 meo
1303 1610 1382 1655 sane
1471 1593 1474 1601 '

228 1696 346 1760 iudicio
378 1696 411 1758 in
445 1714 546 1760 errore
579 1698 735 1760 uersatur.
768 1716 808 1759 ne
836 1696 869 1759 id
897 1696 1026 1777 quidem
1054 1697 1223 1761 concedam
1246 1697 1377 1762 Ambro-

229 1802 312 1867 sium
341 1802 511 1884 scriptores
539 1803 680 1880 Latinos,
705 1802 814 1884 quiin
838 1803 933 1867 rebus
963 1803 1161 1868 naturalibus
1185 1804 1380 1885 explicandis
1479 1793 1482 1799 ’

229 1909 364 1973 maxime
390 1908 613 1985 excelluerunt,
638 1928 747 1973 omnes
771 1910 901 1993 legisse.
933 1910 1036 1974 ueluti
1060 1930 1134 1973 num
1159 1910 1255 1973 Plinii
1278 1910 1378 1973 Natu-

227 2017 287 2082 rali
314 2016 466 2081 historiae
496 2016 549 2081 uel
578 2016 706 2099 aliquod
734 2017 878 2081 studium
905 2017 1097 2101 impenderit
1124 2037 1219 2100 quam
1242 2017 1380 2081 maxime

230 2120 387 2209 dubito.³)
424 2124 478 2187 uix
509 2124 590 2187 enim
615 2124 681 2187 ullo
705 2124 850 2187 Exameri
872 2125 954 2201 loco,
980 2144 1052 2189 cum
1077 2124 1115 2189 de
1139 2123 1258 2188 eisdem
1282 2124 1380 2189 rebus

230 2231 345 2314 agitur,
370 2231 479 2295 eadem
504 2231 620 2311 quibus
645 2230 768 2293 Plinius
793 2250 872 2295 usus
896 2235 947 2295 est
973 2231 1070 2295 uerba
1097 2235 1271 2295 recurrunt.
1308 2232 1378 2311 plu-

228 2338 309 2401 rima
332 2356 412 2419 quae
437 2337 475 2401 ad
499 2356 603 2401 rerum
624 2341 752 2401 naturas
773 2337 994 2401 describendas
1014 2337 1174 2419 pertinent
1192 2356 1228 2400 ex
1246 2336 1380 2413 Basilio,

228 2463 330 2527 pauca
353 2464 388 2508 ex
412 2463 449 2508 ea
472 2462 567 2526 quam
589 2444 657 2507 uita
677 2443 837 2509 cotidiana
856 2444 1039 2526 suppeditat
1058 2444 1240 2527 cognitione
1260 2443 1381 2520 hausit,

229 2553 333 2616 cetera
360 2551 426 2615 iere
455 2551 561 2615 omnia
588 2550 628 2614 ad
655 2570 755 2615 unum
785 2553 947 2616 auctorem
971 2550 1134 2614 referenda
1157 2554 1241 2626 sunt,
1268 2548 1379 2614 Sueto-

229 2658 328 2736 nium,
355 2662 386 2721 et
410 2657 450 2720 ad
473 2677 571 2721 unum
598 2675 687 2738 opus,
713 2657 808 2720 Prata
832 2656 987 2734 Suetonii,
1011 2656 1049 2719 de
1073 2656 1188 2738 quibus
1215 2658 1381 2720 luculente

229 2766 375 2848 exposuit
406 2766 444 2831 A.
477 2762 704 2829 Reifferscheid
736 2762 768 2826 in
803 2762 836 2830 6.
870 2762 1015 2827 Suetonii
1047 2762 1223 2845 Tranquilli
1254 2766 1383 2846 praeter

230 2871 399 2937 Caesarum
432 2872 529 2936 libros
562 2870 767 2953 reliquiarum
802 2870 940 2935 editione
969 2890 1002 2952 p.
1026 2870 1090 2932 426
1115 2889 1182 2952 sqq.
1219 2870 1246 2934 is
1278 2869 1382 2952 igitur

228 2999 259 3061 p.
285 2978 348 3042 254
373 2980 405 3041 01
429 2978 492 3042 443
519 2976 641 3042 Giraldi
665 2975 866 3041 Cambrensis
889 2975 921 3038 in
945 2973 1106 3039 itinerario
1131 2973 1295 3038 Cambriae
1318 2976 1334 3037 Ι
1359 2976 1377 3037 7

229 3105 308 3151 usus
341 3084 525 3151 testimonio
559 3082 779 3166 comprobauit
811 3080 1077 3147 historiunculam
1109 3081 1163 3145 Ex.
1193 3080 1238 3146 VI
1271 3083 1301 3162 4,
1335 3083 1381 3145 24

229 3195 386 3257 narratam
419 3192 457 3257 de
490 3211 576 3269 cane,
607 3191 661 3273 qui
689 3189 879 3254 Antiochiae
907 3188 1026 3253 domini
1055 3187 1184 3253 caedem
1206 3188 1295 3252 ultus
1319 3189 1382 3264 est,

229 3300 330 3363 redire
360 3299 399 3363 ad
423 3298 568 3363 Suetonii
595 3299 722 3376 librum,
748 3297 803 3379 qui
832 3296 869 3360 dc
893 3295 1101 3360 animantium
1125 3296 1246 3360 naturis
1270 3295 1382 3359 iuscri-

278 3473 296 3537 ¹)
316 3475 342 3536 4,
362 3474 394 3537 2;
414 3472 457 3540 44,
478 3472 511 3525 14
532 3471 650 3539 (dead.);
671 3472 696 3538 6,
717 3471 762 3535 13;
784 3471 843 3533 119,
863 3470 879 3523 9
900 3469 1098 3537 (101111.);79,
1120 3470 1152 3523 12
1178 3468 1292 3535 (Tuscu
1317 3468 1381 3532 249,

231 3564 277 3627 14;
303 3562 366 3624 250,
393 3562 438 3625 19;
463 3563 523 3625 251,
550 3562 581 3626 2;
607 3562 667 3623 254,
696 3560 739 3623 14,
766 3560 827 3623 255,
851 3561 868 3613 4
893 3559 936 3625 (de
961 3558 1246 3624 1101.1001.);92,4;
1267 3558 1310 3617 93,
1332 3557 1381 3618 17,

230 3653 272 3715 94,
298 3652 332 3706 14
356 3655 384 3705 et
407 3653 441 3705 20
465 3650 510 3715 (de
533 3648 615 3719 sen.);
639 3652 682 3715 45,
706 3648 723 3702 8
747 3651 775 3703 et
798 3650 845 3710 24;
870 3649 913 3711 46,
935 3649 947 3701 1
969 3646 1014 3713 (de
1033 3664 1061 3700 re
1080 3646 1179 3716 publ.);
1201 3647 1260 3712 146,
1282 3645 1314 3699 13
1334 3644 1383 3711 (de

230 3740 274 3794 off.
294 3740 361 3794 197
381 3764 415 3785 =
434 3739 504 3792 Attii
523 3738 600 3792 Atrei
619 3738 651 3791 fr.
674 3734 708 3791 14
724 3737 784 3803 R.);
807 3737 866 3799 182,
886 3738 901 3788 7
923 3741 982 3805 (pro
1000 3734 1080 3802 Mil).

274 3827 296 3899 ²)
315 3827 426 3882 eandem
447 3828 610 3882 seutentiam
629 3825 732 3895 profert
750 3824 862 3878 Kellner
879 3841 905 3892 p.
925 3824 967 3877 83.

276 3917 296 3987 ³)
316 3919 410 3987 itaque
434 3918 464 3981 si,
489 3917 535 3971 ubi
559 3915 668 3970 eaedem
691 3932 733 3969 res
758 3918 786 3968 et
810 3914 933 3968 aPlinio
957 3918 986 3967 et
1009 3912 1042 3967 ab
1061 3913 1204 3967 Ambrosio
1227 3914 1382 3974 narrantur,

230 4008 300 4064 infra
318 4007 400 4062 Plinii
424 4007 497 4060 locos
522 4005 644 4074 adposui,
668 4022 722 4058 non
744 4004 773 4057 id
793 4003 868 4056 uolui
886 4003 1047 4072 significare,
1066 4002 1235 4056 Ambrosium
1256 4017 1272 4054 a
1289 3999 1382 4052 Plinio

230 4096 356 4167 pendere,
380 4095 427 4149 sed
450 4094 521 4147 hunc
544 4111 575 4148 ac
598 4109 799 4163 nonnumquam
823 4091 891 4145 alios
915 4107 1022 4160 quoque
1041 4091 1194 4161 scriptores,
1213 4089 1300 4144 ueluti
1318 4088 1379 4141 Ari·

231 4184 366 4248 stotelem,
388 4187 532 4253 propterea
555 4181 769 4245 commemoraui,
795 4184 827 4234 ut
850 4180 883 4234 de
906 4180 1036 4241 lontibus,
1060 4196 1092 4233 ex
1116 4178 1214 4253 quibus
1233 4178 1383 4232 Suetonius

231 4290 280 4328 sua
297 4274 404 4328 haurire
423 4272 523 4341 potuit,
540 4271 671 4325 iudicium
689 4270 778 4326 facere
797 4270 899 4324 liceret.
919 4269 948 4322 id
967 4268 1040 4337 quod
1058 4269 1112 4322 iam
1132 4285 1163 4321 ex
1181 4266 1251 4335 siglo
1266 4268 1311 4330 cs,
1327 4283 1382 4334 quo

232 4364 270 4417 eia
288 4362 354 4434 locis
374 4378 437 4415 usus
456 4376 523 4424 sum,
543 4360 688 4430 colligitur.
