3175 5017
240 436 303 499 728
712 432 911 486 Ambrosii
940 466 943 471 -

238 630 439 695 commendet
458 631 490 693 et
508 628 741 710 quodammodo
765 627 948 693 moduletur
966 628 1111 706 affectus,
1135 628 1240 694 anima
1261 646 1389 710 quoque

233 744 272 809 in
297 738 357 803 hoc
382 756 510 821 corpore
534 738 697 819 tamquam
722 736 755 799 in
777 735 896 801 fidibus
918 735 1063 815 musicis,
1086 755 1166 819 quae
1194 736 1300 801 sobria
1326 737 1388 813 est,

238 849 345 911 tamen
378 844 523 927 summit,
548 846 585 907 ut
616 844 663 907 ita
695 843 809 921 dicam,
834 842 943 927 digitis
976 843 1068 908 uelut
1093 862 1260 908 neruorum
1292 861 1387 907 sonos

235 952 282 1016 ita
306 952 415 1034 pulsat
438 950 540 1015 carnis
564 948 659 1015 istius
682 950 860 1033 passiones,
883 952 921 1014 ut
943 968 1115 1017 consonum
1134 949 1245 1014 reddat
1262 968 1386 1014 morum

133 1054 142 1068 '
240 1061 336 1141 atquc
365 1058 523 1123 uirtutum
552 1057 867 1140 consentientemque
894 1060 1092 1134 concentum,
1115 1059 1153 1121 ut
1178 1056 1210 1120 in
1239 1056 1385 1121 omnibus
1420 1079 1435 1120 ο

241 1164 490 1251 cogitationibus
511 1162 588 1242 suis,
604 1164 635 1228 in
656 1162 804 1229 omnibus
820 1163 966 1245 operibus
984 1163 1018 1226 id
1036 1162 1208 1235 custodiat,
1228 1165 1265 1228 ut
1283 1162 1388 1227 omnia
1453 1174 1482 1227 F

241 1272 374 1337 consilia
401 1274 433 1337 et
460 1270 545 1337 lacta
574 1269 635 1335 sibi
660 1270 835 1335 concinant.
873 1270 977 1333 anima
999 1273 1050 1335 est
1072 1288 1146 1354 ergo
1171 1288 1251 1353 quae
1273 1269 1386 1345 utitur,

242 1396 357 1461 corpus
392 1378 477 1461 qnod
509 1377 583 1442 usui
616 1379 674 1455 est,
704 1394 740 1441 ac
771 1396 828 1459 per
857 1376 918 1440 hoc
950 1375 1038 1440 aliud
1071 1376 1157 1458 quod
1183 1375 1215 1439 in
1242 1375 1385 1459 imperio,

239 1483 327 1548 aliud
342 1485 428 1566 quod
443 1484 473 1548 in
489 1483 677 1561 ministerio,
693 1482 780 1548 aliud
795 1484 881 1565 quod
894 1502 1016 1562 sumus,
1032 1482 1119 1547 aliud
1139 1482 1223 1565 quod
1242 1485 1386 1546 nostrum

239 1594 298 1656 est.
324 1590 353 1655 si
376 1591 446 1673 quis
472 1591 593 1655 animae
617 1589 886 1674 pulchritudinem
910 1590 1026 1675 diligit,
1045 1610 1102 1655 nos
1122 1589 1243 1673 diligit,
1267 1589 1296 1654 si
1314 1589 1385 1671 quis
1408 1614 1435 1653 ro

239 1696 378 1779 corporis
399 1697 543 1763 decorem
564 1698 680 1781 diligit,
695 1716 756 1761 non
776 1696 883 1779 ipsum
896 1697 1068 1775 hominem,
1084 1695 1140 1761 sed
1160 1694 1262 1760 carnis
1282 1678 1388 1779 diligit

238 1803 521 1887 pulchritudinem,
546 1821 625 1884 quae
649 1806 754 1867 tamen
780 1803 843 1867 cito
867 1802 1036 1867 marcescit
1058 1805 1091 1866 et
1112 1802 1234 1869 defluit.

195 1919 237 1981 28
284 1910 376 1977 Unde
399 1910 448 1973 illi
471 1909 597 1974 intende
621 1909 659 1973 de
683 1928 745 1991 quo
771 1908 850 1973 dicit
867 1908 1036 1992 propheta:
1060 1910 1216 1991 quinon
1240 1907 1388 1992 accepit

238 2019 277 2082 in
301 2037 435 2081 uanum
460 2017 617 2081 animam
643 2035 756 2080 suam.
781 2016 813 2079 in
836 2035 955 2080 nanum
978 2016 1102 2098 accepit
1124 2016 1260 2081 animam
1285 2034 1386 2093 suam,

238 2130 276 2191 ut
298 2125 360 2189 iarn
382 2124 420 2188 de
440 2123 536 2188 huius
556 2123 642 2187 uitae
663 2123 806 2188 dicamus
825 2122 993 2199 molestiis,
1012 2123 1068 2205 qui
1087 2121 1262 2188 saecularia
1279 2121 1385 2199 struit,
1407 2145 1434 2187 ro

238 2232 382 2299 aedificat
397 2230 580 2313 corporalia.
602 2230 718 2295 cotidie
738 2229 777 2295 ad
797 2229 955 2318 edendum
975 2232 1008 2295 et
1024 2229 1197 2294 bibendum
1212 2228 1386 2312 surgimus,
1432 2242 1493 2295 402
1509 2242 1537 2294 A

240 2343 272 2407 et
298 2339 407 2403 nullus
437 2338 589 2420 expletur,
614 2340 651 2401 ut
678 2356 740 2401 non
768 2340 843 2418 post
865 2338 1061 2401 momentum
1085 2336 1204 2401 esuriat
1226 2354 1262 2400 ac
1286 2334 1385 2400 sitiat.

237 2446 355 2512 cotidie
378 2447 503 2510 lucrum
528 2444 720 2527 quaerimus,
740 2447 772 2507 et
794 2443 903 2508 nullos
927 2442 1098 2526 cupiditati
1115 2443 1228 2508 modus
1247 2442 1387 2525 ponitur.

238 2573 313 2618 uon
337 2553 545 2619 satiabitur
563 2551 667 2635 iuquit
686 2552 820 2615 oculus
844 2550 1007 2615 uidendo
1031 2569 1097 2614 nec
1119 2548 1221 2613 auris
1242 2547 1386 2612 auditu.

240 2659 294 2741 qui
314 2659 421 2743 diligit
439 2663 603 2742 argentum
623 2676 683 2723 non
703 2657 874 2723 satiabitur
891 2660 1032 2741 argento.
1050 2656 1159 2721 nullus
1178 2654 1250 2718 finis
1267 2654 1387 2719 laboris
1407 2682 1436 2721 so

239 2769 272 2830 et
295 2764 403 2829 nullus
428 2768 478 2831 est
500 2764 624 2829 fructus
646 2763 866 2829 abundantiae.
891 2763 1038 2847 cupimus
1058 2761 1174 2828 cotidie
1193 2761 1273 2827 scire
1292 2781 1387 2840 noua,

330 3016 362 3069 13
380 3016 480 3071 Psalm.
499 3016 590 3071 XXIII
608 3019 626 3071 4
681 3017 715 3071 19
733 3016 806 3070 Eccl.
827 3017 851 3080 1,
870 3016 887 3070 8

277 3193 291 3245 1
314 3188 502 3261 quodndmodo
522 3190 635 3249 tt⁴‘⁴GE'
690 3194 706 3248 3
725 3210 808 3247 sonus
826 3193 853 3244 A
874 3193 954 3262 (corr.
973 3192 1031 3261 m2)
1048 3191 1219 3249 Paterna
1272 3190 1388 3245 listins

240 3297 291 3335 om.
311 3278 386 3335 tt¹⁴E
472 3287 600 3333 canonum
619 3278 730 3337 t1“⁴0E‘
803 3281 895 3336 bsuis
914 3296 965 3336 om.
988 3279 1014 3333 G
1105 3282 1162 3333 ut·
1181 3278 1216 3350 (dr
1233 3295 1255 3333 a.
1273 3278 1342 3349 roo.)
1359 3278 1392 3331 E

241 3372 256 3424 7
277 3372 305 3425 et
324 3386 374 3423 om.
394 3369 473 3422 Aml
492 3368 568 3437 (add.
588 3372 646 3436 m2)
661 3369 696 3433 P,
715 3371 797 3439 atquo
810 3370 846 3423 P‘
917 3370 1082 3425 concinnant
1094 3369 1146 3426 tim
1160 3375 1186 3423 et
1199 3371 1227 3437 (n
1241 3369 1285 3423 ott
1305 3367 1388 3436 cras.)

243 3457 300 3511 OF]
327 3457 472 3513 concinant
495 3460 554 3524 (ant
574 3458 606 3511 io
629 3474 685 3511 roe.
709 3460 766 3527 m2)
790 3457 825 3513 u¹
851 3459 1014 3513 concinnent
1035 3459 1078 3517 Ψ
1102 3463 1133 3522 (s.
1156 3458 1170 3511 l
1192 3458 1310 3521 doitrant)
1330 3455 1388 3511 Ed

276 3564 340 3616 ergo
360 3550 402 3601 est
423 3546 449 3600 G
503 3548 519 3603 8
538 3547 566 3601 in
586 3562 637 3601 om.
651 3548 688 3603 Ε*
744 3548 775 3600 11
795 3547 882 3617 ipsam
902 3551 930 3612 (a
948 3564 982 3601 ea
1000 3553 1028 3613 u)
1048 3547 1164 3603 animam
1183 3564 1233 3601 nec
1250 3547 1387 3600 hominem

243 3635 269 3691 G
324 3636 417 3707 diligit
434 3652 454 3691 s.
473 3653 501 3691 a.
521 3635 553 3695 tt‘
573 3653 607 3690 m.
627 3642 684 3691 alet.
705 3642 730 3689 et
746 3636 778 3700 Τ,
793 3652 845 3691 om.
864 3636 912 3693 Va
967 3637 1000 3691 12
1019 3638 1123 3705 tamen]
1138 3639 1194 3689 tarn
1212 3636 1239 3690 G
1294 3637 1326 3691 13
1344 3635 1387 3711 ine

240 3722 322 3779 tende
342 3740 392 3779 om.
410 3724 439 3777 P
456 3726 499 3790 <tn
517 3742 570 3795 qno
589 3725 675 3781 nabo
693 3724 735 3778 illi
754 3724 787 3777 de
807 3741 861 3793 qua
875 3725 925 3779 del.
939 3725 996 3795 aad)
1069 3741 1123 3795 quo
1136 3722 1217 3782 Aea
1289 3725 1390 3793 occipit

245 3811 412 3869 Valvata
463 3814 496 3867 14
510 3830 579 3869 uano
590 3831 636 3885 pr.
646 3813 857 3892 AmrPN‘aD
866 3811 1179 3871 uanumAm221¹⁴⁴GE¹
1190 3814 1232 3891 (in
1244 3812 1287 3867 tio
1301 3812 1389 3867 moras

243 3902 359 3959 animam
379 3918 455 3957 suam
472 3904 501 3957 in
519 3908 630 3971 nanum)
649 3908 697 3965 cet.
774 3904 881 3975 accepit
897 3901 1035 3960 aunon
1054 3902 1154 3973 accipit
1172 3903 1205 3959 Ψ
1223 3902 1243 3969 (i
1257 3917 1303 3971 pr.
1321 3918 1355 3955 ex
1369 3918 1388 3955 e

242 3993 300 4055 m2)
320 3996 367 4045 cet.
460 3992 492 4045 15
518 3992 598 4047 huius
617 3993 691 4047 uitae
710 3992 791 4049 lanios
809 3994 837 4049 A
856 3994 918 4060 (alt.
937 3992 1017 4049 buius
1036 3991 1087 4048 del.
1106 3991 1165 4060 m2)
1183 3990 1211 4045 P
1227 3990 1288 4056 (alt.
1307 3989 1388 4046 buius

243 4084 325 4146 eros.)
344 4079 419 4134 uitae
437 4080 518 4135 huius
537 4080 660 4146 alan,
678 4083 743 4149 fort.
762 4090 833 4137 recte
939 4084 1051 4139 instruit
1073 4081 1130 4138 VN
1131 4081 1157 4136 Τ
1171 4083 1265 4134 serunt
1282 4082 1310 4145 (a
1328 4095 1361 4133 ea
1379 4078 1389 4129 i

243 4167 344 4234 οο2)0
434 4169 466 4225 17
494 4186 548 4223 non
567 4176 632 4240 poet
653 4174 820 4229 momentum
839 4178 1027 4243 transponunt
1044 4169 1188 4229 arona
1294 4167 1346 4225 hae
1363 4166 1391 4219 P

244 4258 276 4311 19
306 4257 397 4311 oculos
422 4257 449 4328 (v
466 4273 487 4311 s.
509 4274 523 4311 o
543 4258 605 4325 alt.)
624 4259 652 4312 P
758 4254 1390 4317 uidendot1⁴m1uisuwor2tt¹OEtt⁴⁴¹GldG

280 4344 388 4399 auditu·
407 4346 435 4399 A
454 4344 559 4399 auditui
577 4346 606 4399 P
658 4346 693 4399 20
712 4346 828 4401 satiatur
851 4346 904 4401 VN
