3175 5017
238 395 362 460 XXIIII
712 392 930 449 Praefatio.

239 587 436 653 Alexandria'
460 590 552 653 Ionae
577 608 604 655 a.
626 590 710 653 1875
736 588 846 653 emissi
868 609 898 673 p.
917 590 982 653 372
1003 610 1083 672 sqq,
1107 591 1255 655 Focrster
1271 612 1303 675 p.
1325 594 1388 658 106

242 716 319 779 sqq,
345 696 519 761 Wendland
542 714 571 777 p.
593 696 656 759 127
677 715 757 779 sqq,
778 696 914 779 denique
936 698 970 763 L.
990 696 1078 763 Oohn
1102 698 1134 761 in
1158 698 1301 763 Philonis
1325 699 1388 763 edi-

241 804 337 881 tione,
360 803 392 866 in
426 822 488 884 qua
514 804 602 867 locos
631 803 857 868 Ambrosianos
885 803 966 867 infra
994 805 1119 881 adiecit,
1151 810 1390 888 congesserunt.

242 910 353 974 deinde
385 913 514 993 reputes
547 909 644 973 uelim
676 909 883 974 Ambrosium
911 929 947 975 ea
975 931 1056 993 quae
1084 914 1159 990 350,
1186 914 1227 976 14
1257 932 1325 994 sqq.
1357 915 1392 975 et

243 1018 318 1093 355,
343 1019 363 1079 2
387 1037 457 1099 sqq.
487 1019 595 1081 contra
618 1017 783 1081 helluones
808 1016 987 1099 disputauit
1010 1018 1201 1100 amplificata
1224 1038 1309 1096 sane,
1333 1018 1392 1083 scd

242 1143 477 1206 nonnumquam
500 1124 580 1206 ipsis
599 1123 706 1188 uerbis
725 1124 857 1188 retentis
876 1124 908 1187 in
926 1124 1000 1189 libri
1019 1125 1057 1189 de
1075 1125 1170 1189 Helia
1188 1128 1221 1190 et
1239 1124 1355 1189 ieiunio
1364 1125 1391 1210 1)

244 1250 289 1298 co.
315 1233 335 1296 8
359 1232 415 1312 (00.
440 1232 482 1295 22
507 1248 554 1311 sq.
579 1233 611 1294 et
635 1229 690 1314 25)
715 1249 751 1294 ao
776 1232 818 1294 13
841 1229 880 1315 (s.
903 1229 958 1317 46)
980 1232 1157 1313 repetiisse,
1181 1232 1264 1296 unde
1288 1232 1392 1315 suspi-

232 1338 309 1423 Ι0011
331 1338 409 1402 11001
432 1337 527 1401 etiam
551 1340 621 1400 tum
647 1356 720 1401 cum
742 1337 889 1402 libellum
909 1338 946 1401 de
967 1337 1042 1403 Cain
1062 1342 1095 1402 et
1112 1337 1192 1403 Abel
1211 1338 1395 1421 composuit

245 1446 313 1509 eius
337 1445 438 1508 menti
462 1443 662 1509 obuersatam
686 1461 756 1509 esse
779 1443 893 1507 Basilii
917 1445 955 1507 de
977 1444 1096 1509 ieiunio
1120 1445 1283 1511 homiliam
1310 1446 1393 1528 prio-

245 1548 358 1635 10002)
383 1568 574 1633 quamquam
602 1550 681 1615 locis
709 1549 784 1614 libri
812 1551 850 1615 de
875 1550 951 1616 Cain
975 1554 1007 1615 et
1031 1552 1110 1616 Abel
1133 1572 1229 1635 supra
1257 1571 1395 1617 comme-

245 1658 377 1723 moratis
401 1658 488 1722 nulla
511 1655 698 1722 imitationis
721 1657 835 1721 Basilii
858 1657 998 1741 uestigia
1023 1658 1271 1741 conspiciuntur.
1310 1659 1396 1723 deni-

247 1783 307 1848 000
330 1763 561 1849 neglegendum
585 1783 647 1828 non
672 1766 722 1828 est
745 1764 913 1846 quinquies
936 1764 968 1829 in
991 1764 1052 1830 boc
1076 1766 1230 1847 opusculo
1254 1785 1292 1829 ex
1313 1766 1396 1830 locis

247 1871 439 1955 Uergilianis
465 1870 599 1935 crationi
623 1871 761 1935 colorem
786 1871 945 1935 adscitum
969 1870 1087 1957 esse.³)

292 1978 422 2042 Librum
442 1978 487 2042 dc
511 1976 591 2041 Noe
610 1977 813 2061 Augustinus
833 1978 957 2043 duobus
976 1977 1094 2064 100104)
1114 1978 1172 2043 hac
1190 1978 1397 2062 inscriptione

250 2084 425 2169 significat:
464 2084 512 2148 ‘de
551 2103 622 2148 arca
644 2084 735 2162 Noe‘,
768 2084 825 2149 sed
862 2085 894 2148 in
932 2086 1041 2150 codice
1074 2085 1307 2166 antiquissimo,
1341 2086 1397 2168 qui

249 2191 443 2257 recensionis
475 2190 715 2256 fundamentum
747 2194 796 2255 est
822 2190 1053 2271 firmissimum,
1078 2192 1266 2273 simpliciter
1287 2192 1397 2256 inscri-

249 2299 337 2363 bitur
369 2298 416 2361 ‘de
444 2297 525 2362 Noe’
553 2301 646 2382 atque
681 2299 748 2363 sine
777 2297 873 2363 dubio
902 2299 1036 2376 rectius;
1070 2319 1143 2363 uam
1172 2300 1210 2363 dc
1234 2318 1306 2363 arca
1327 2298 1399 2380 ipsa

179 2491 182 2495 ,
251 2406 314 2469 0101
341 2406 373 2469 in
404 2408 492 2488 parte
521 2405 588 2468 cius
617 2424 677 2469 non
708 2404 822 2489 agitur.
859 2405 891 2469 in
916 2405 1080 2471 codicibus
1103 2406 1218 2471 aetatis
1241 2404 1399 2469 inferioris

251 2512 395 2577 additum
426 2514 476 2575 est
507 2515 550 2575 ‘et
582 2512 695 2576 aroha‘.
732 2510 825 2576 facile
858 2514 965 2577 autem
997 2502 1205 2597 intellegitur,
1239 2511 1399 2592 quomodo

251 2618 416 2703 inscriptio
437 2619 520 2702 apud
534 2618 750 2703 Augustinum
770 2620 803 2683 et
820 2619 1072 2684 additamentum
1090 2620 1173 2685 illud
1187 2620 1219 2683 in
1235 2619 1400 2684 codicibus

253 2726 462 2791 deterioribus
496 2728 565 2789 orta
597 2726 674 2803 sint3
712 2746 784 2789 nam
819 2745 891 2791 arca
921 2726 954 2789 in
986 2727 1120 2791 historia
1151 2727 1220 2791 Noc
1256 2726 1400 2810 profecto

252 2834 359 2898 iocum
383 2832 566 2913 primarium
591 2832 721 2897 obtinet.
757 2836 899 2897 ceterum
926 2834 1243 2915 praetermittendum
1266 2852 1327 2897 non
1351 2835 1404 2897 001

232 2940 285 3021 =in
314 2939 423 3004 codice
453 2938 675 3021 antiquissimo
707 2943 778 3004 ante
803 2940 977 3005 sectionem
1003 2942 1054 3018 13,
1079 2960 1142 3023 000
1165 2940 1325 3005 exordium
1349 2940 1402 3004 de·

255 3046 443 3129 scriptionis
465 3065 554 3111 arcae
584 3048 771 3124 continetur,
800 3046 917 3111 iterum
944 3047 1183 3129 inscriptionem
1212 3048 1276 3131 legi
1305 3050 1402 3129 atquo

255 3154 363 3231 talem,
394 3154 481 3235 quali
508 3153 711 3237 Augustinus
736 3171 815 3217 usus
839 3154 905 3218 est:
934 3153 983 3217 ‘de
1007 3173 1079 3218 arca
1101 3154 1189 3219 Nce‘.
1226 3154 1310 3218 unde
1332 3173 1403 3236 pro·

255 3260 360 3324 babiie
394 3263 443 3323 est
475 3260 631 3324 eiusmodi
662 3258 911 3342 inscriptionem,
941 3279 1020 3341 quae
1053 3259 1092 3323 ad
1123 3262 1245 3340 partem
1276 3263 1405 3325 tantum

256 3367 444 3451 pertinebat,
464 3365 503 3430 ad
521 3369 626 3429 totum
644 3365 792 3429 libellumv
809 3366 996 3430 translatam
1017 3385 1096 3431 esse.
1120 3366 1183 3430 iam
1204 3368 1289 3450 quod
1308 3360 1406 3451 supra

258 3474 296 3537 de
319 3474 400 3537 libro
426 3472 463 3536 de
489 3471 563 3537 Oain
589 3475 620 3536 et
642 3470 723 3535 Abel
747 3472 884 3535 diximus
907 3471 1113 3536 Ambrosium
1135 3473 1280 3537 Philonis
1305 3472 1404 3542 uesti-

259 3581 320 3666 giis
343 3581 524 3663 ingressum
548 3598 629 3656 esse,
652 3579 686 3642 id
709 3579 812 3663 magis
837 3579 934 3644 etiam
957 3579 1043 3643 cadit
1064 3579 1096 3643 in
1119 3580 1237 3644 librum
1262 3580 1300 3644 de
1323 3580 1404 3656 Noe,

260 3708 321 3770 quo
345 3687 401 3751 ilie
425 3685 568 3750 Philonis
594 3684 825 3765 Quaestionum
846 3685 878 3749 in
904 3684 1054 3751 Genesim
1076 3685 1150 3749 libri
1172 3686 1267 3769 primi
1291 3705 1337 3750 cc.
1361 3685 1403 3749 87

307 3861 326 3929 1)
347 3861 463 3930 scriptus
483 3862 525 3913 cst
541 3860 586 3913 hic
604 3858 673 3913 iiber
691 3862 754 3928 post
772 3876 871 3913 annum
892 3858 1106 3924 CCCLXXXVI3
1126 3859 1160 3913 cf.
1178 3859 1239 3913 Ihm
1257 3876 1283 3928 p.
1303 3859 1345 3913 19.

306 3950 327 4017 2)
347 3952 419 4005 Ρο11.
441 3949 486 4003 Gr.
504 3948 592 4002 XXXI
614 3948 664 4003 163
684 3949 725 4003 M.
745 3948 784 4017 (II
805 3949 817 4001 1
841 3948 897 4014 (1.).

306 4040 327 4107 ³)
347 4041 408 4103 379,
428 4039 444 4091 9
464 4042 492 4091 01
512 4038 557 4101 16;
577 4038 638 4100 386,
658 4040 687 4102 5;
712 4038 772 4101 389,
793 4038 840 4101 13;
864 4038 925 4101 394,
944 4038 969 4091 9.
989 4036 1023 4090 de
1042 4038 1179 4090 sententia
1196 4036 1299 4096 ‘oculus
1318 4050 1405 4089 mere-

261 4128 337 4184 tricis
360 4129 473 4197 laqueus
496 4126 655 4197 peccatoris'
679 4126 724 4179 uel
747 4127 892 4180 ‘amatoris'
915 4126 988 4196 (348,
1012 4128 1057 4192 25)
1082 4125 1114 4178 ab
1138 4124 1280 4179 Ambrosio
1304 4124 1407 4177 totiens

262 4218 380 4289 repetita
399 4216 462 4269 uide
481 4231 550 4284 quae
570 4232 601 4269 eo
620 4215 679 4268 loco
700 4214 818 4284 exposui.
1018 4209 1022 4211 ‘

308 4307 328 4374 1)
349 4310 442 4359 contra
461 4305 528 4359 duas
548 4304 627 4375 epist.
647 4304 741 4373 Pelag.
760 4304 816 4357 IIII
837 4304 878 4368 11,
897 4305 931 4357 29
951 4307 1044 4357 contra
1061 4302 1113 4356 Iul.
1132 4303 1225 4372 Pelag.
1244 4303 1316 4366 112,
1335 4304 1361 4355 4.
