3175 5017
658 440 878 495 Praefatio.
1280 445 1341 508 VH

192 638 306 713 cimur,
343 641 381 701 ut
416 637 501 702 huno
538 637 655 701 librum
692 637 775 701 intra
808 655 905 701 annos
938 638 1002 701 fere
1020 636 1275 703 ddcnxxxvl
1309 641 1343 701 ot

194 744 420 811 CCCLXXXX
444 746 548 808 ortum
577 762 647 809 osse
676 746 867 810 statuamus.
891 744 1037 808 meminit
1060 743 1129 808 eius
1152 744 1342 809 Ambrosius

194 852 320 915 duobus
352 850 561 934 epistularum
591 850 670 915 loeis
702 852 756 929 43,
790 850 847 933 1¹)
875 854 908 914 et
935 853 989 925 45,
1020 848 1086 935 U)
1111 851 1168 915 sed
1196 868 1268 915 cum
1291 849 1341 915 his

195 958 343 1040 epistulis
376 957 540 1040 temporis,
574 977 635 1039 quo
670 958 807 1040 scriptae
840 960 925 1035 sunt,
950 960 1025 1021 nota
1056 977 1117 1023 non
1149 958 1237 1035 insit,
1261 957 1342 1021 nihil

193 1064 267 1129 inde
299 1065 460 1129 lucramur·
492 1065 530 1129 ad
563 1065 783 1147 quaestionem
816 1064 854 1128 de
888 1083 950 1146 qua
978 1064 1084 1148 agitur
1107 1064 1341 1148 expediendam.

193 1170 293 1235 immo
317 1191 352 1236 en
377 1172 423 1236 eis
448 1191 528 1254 quae
552 1171 646 1237 modo
671 1171 907 1253 disputanimus
935 1173 989 1236 lux
1017 1171 1170 1253 quaedam
1200 1170 1344 1255 adfulget

194 1279 286 1343 nobis
313 1279 345 1342 in
373 1281 501 1361 tempus
529 1296 591 1359 quo
621 1278 778 1359 epistulae
807 1277 882 1342 illae
911 1278 1048 1360 scriptae
1081 1281 1155 1341 suut
1185 1278 1343 1360 inquiren·

194 1385 297 1462 tibus;
329 1388 497 1467 utramque
527 1384 612 1449 enim
635 1384 729 1467 paulo
754 1388 829 1467 post
851 1385 1024 1449 Erameron
1048 1384 1168 1448 editum
1193 1384 1344 1468 scriptam

196 1510 268 1556 esse
290 1491 453 1574 probabile
477 1494 536 1555 est.
560 1510 661 1572 neque
684 1490 814 1555 maioris
837 1491 989 1555 momenti
1013 1494 1061 1555 est
1080 1490 1165 1573 quod
1182 1492 1243 1556 hoc
1262 1510 1343 1574 opus

194 1600 269 1681 post
292 1598 410 1663 librum
435 1598 472 1661 de
496 1598 565 1662 Noe
589 1598 771 1662 confectum
795 1615 865 1662 esse
890 1598 1088 1681 intellegitur
1110 1617 1146 1662 en
1169 1598 1223 1662 En.
1247 1598 1293 1661 VI
1317 1617 1342 1662 c.

197 1706 228 1783 0,
253 1725 314 1787 quo
338 1706 409 1769 loco
433 1704 499 1769 sine
524 1703 620 1767 dubio
644 1703 834 1769 Ambrosius
859 1723 897 1767 ea
913 1705 1052 1786 respexit
1071 1724 1151 1787 quae
1170 1705 1234 1768 iam
1254 1708 1346 1770 antea

195 1812 228 1875 in
256 1812 344 1877 illius
371 1811 445 1875 libri
473 1830 519 1875 co.
550 1812 567 1874 7
598 1813 631 1874 et
659 1813 678 1875 8
707 1810 745 1875 de
775 1811 916 1892 corporis
943 1812 1073 1875 humani
1095 1811 1215 1875 fabrica
1237 1810 1344 1892 dispu-

195 1922 333 1995 tauerat3
375 1938 447 1983 nam
488 1919 572 1981 hunc
613 1918 721 1982 locum
762 1921 835 1982 ante
875 1918 968 1981 illum
1004 1918 1149 1982 Enameri
1191 1918 1343 2000 scriptum

198 2045 269 2093 esse
296 2045 388 2090 nemo
422 2028 500 2107 puto
533 2024 670 2108 negabit.
704 2028 844 2089 ceterum
877 2025 1004 2089 silentio
1037 2043 1098 2089 non
1130 2024 1343 2089 transmittam

195 2132 281 2214 quod
315 2132 395 2196 scite
429 2131 680 2195 obseruauerunt
711 2130 849 2195 Maurini
886 2131 1041 2195 ieiunium
1079 2131 1191 2196 diebus
1229 2131 1344 2214 quibus

196 2258 359 2304 sermones
383 2238 431 2302 illi
455 2239 494 2302 de
515 2237 649 2303 Genesis
675 2238 776 2321 capite
800 2237 901 2320 primo
925 2238 1026 2302 habIti
1051 2240 1126 2302 sunt
1143 2237 1345 2311 celebratum,

197 2344 289 2409 cuius
323 2344 442 2409 mentio
472 2344 509 2407 fit
536 2346 590 2422 59,
619 2346 638 2408 6
669 2348 701 2409 et
728 2344 805 2421 203,
837 2346 888 2421 12,
912 2364 973 2409 non
1002 2344 1089 2407 aliud
1116 2344 1217 2409 fuisse
1244 2344 1345 2409 uideri
1425 2393 1427 2399 a

197 2470 293 2533 quam
317 2451 577 2535 quadragesimae
601 2450 757 2526 exeuntis3
783 2470 820 2516 eo
845 2451 929 2515 enim
947 2456 1090 2533 tempore
1108 2452 1263 2540 populum
1281 2451 1345 2514 iam

197 2578 289 2623 mane
312 2558 352 2623 ad
376 2559 544 2623 ecclesiam
568 2557 758 2622 confluxisse
781 2577 882 2640 neque
905 2558 967 2622 nisi
996 2562 1071 2641 post
1094 2558 1172 2623 solis
1197 2576 1346 2622 occasum
1453 2565 1454 2568 ’

199 2665 395 2731 discessisse.
430 2669 524 2747 atque
553 2664 718 2747 aptissime
748 2666 949 2729 contulerunt
977 2684 1013 2729 ea
1041 2683 1120 2746 quae
1147 2664 1180 2727 in
1209 2663 1347 2746 epistula

199 2771 238 2835 ad
260 2771 477 2836 Mareellinam
502 2790 642 2836 sororem
666 2807 709 2817 -
732 2770 887 2835 uicesima
909 2770 1012 2835 estin
1036 2770 1255 2835 Maurinorum
1283 2770 1347 2834 edi·

199 2878 284 2943 tione
317 2898 352 2943 ac
386 2879 503 2961 scripta
535 2896 615 2942 anno
650 2877 874 2944 dconxxxv
897 2914 940 2923 -
963 2876 1152 2941 Ambrosius
1189 2876 1345 2951 narrauIt;

199 2988 267 3050 tum
296 2986 380 3050 enim
408 2985 519 3049 eodem
546 2984 641 3049 modo
670 2988 826 3068 populum
853 3004 945 3049 mane
969 2983 1156 3049 conuenisse
1180 2986 1347 3064 totumque

200 3092 282 3156 diem
310 3092 342 3155 In
371 3091 507 3156 eeclesia
533 3091 737 3175 transegisse,
765 3094 837 3155 tum
865 3090 965 3155 fuisse
990 3090 1068 3168 dies,
1093 3090 1219 3172 quibus,
1243 3093 1281 3154 ut
1303 3089 1348 3153 ait

199 3198 386 3263 Ambrosius
414 3198 447 3261 in
475 3196 572 3262 huius
602 3196 757 3280 epistulae
786 3197 925 3262 sectione
955 3199 1007 3277 28,
1029 3198 1061 3261 in
1086 3196 1221 3262 ecclesia
1242 3196 1348 3278 paeni-

199 3306 298 3370 tentia
329 3306 521 3369 relaxaretur
544 3342 587 3350 —
610 3303 702 3368 uides
736 3304 904 3368 conuenire
941 3321 978 3367 ea
1014 3322 1095 3386 quae
1132 3303 1164 3367 in
1196 3303 1347 3367 Eramero

200 3412 274 3489 203,
309 3412 329 3476 6
360 3412 527 3494 leguntur:
564 3412 701 3492 ‘tempus
739 3412 798 3483 est,
837 3428 899 3492 quo
938 3410 1115 3476 celebratur
1149 3409 1349 3494 indulgentia

198 3524 414 3599 peccatorum'
439 3554 490 3595 -,
515 3520 584 3581 tum
615 3517 735 3581 lectum
769 3533 839 3581 esse
872 3516 966 3581 Ionae
997 3516 1115 3582 librum
1148 3516 1252 3598 (epist.
1288 3515 1348 3579 XX

203 3644 227 3688 s.
252 3624 318 3710 25),
343 3624 429 3706 quod
451 3624 563 3687 itidem
588 3626 659 3687 aute
679 3640 839 3687 sermones
857 3623 919 3687 Vll
938 3627 971 3688 et
987 3623 1066 3688 VIII
1083 3623 1209 3687 habitos
1228 3624 1349 3687 factum

201 3750 270 3796 ease
289 3731 478 3796 Ambrosius
500 3732 574 3808 168,
600 3732 640 3794 18
667 3735 698 3794 et
722 3732 798 3808 203,
823 3731 864 3793 22
889 3732 1036 3794 testatur.
1061 3733 1156 3812 atque
1179 3729 1348 3794 sollemnes

202 3838 267 3901 dies
291 3839 435 3920 pascales
455 3856 491 3901 eo
511 3840 664 3920 tempore,
684 3855 746 3918 quo
765 3836 955 3901 Ambrosius
973 3837 1030 3900 has
1051 3837 1208 3901 orationes
1227 3836 1349 3911 habuit,

201 3944 357 4009 institisse
390 3944 560 4009 edocemur·
591 3943 697 4013 uerbis
727 3944 803 4021 203,
833 3945 875 4007 10
902 3944 1101 4026 ‘adproperet
1127 3944 1201 4007 lesu
1230 3941 1350 4006 domiui

202 4052 318 4133 passio'
347 4053 379 4117 et
407 4052 447 4116 21
478 4050 528 4115 ‘ad
552 4069 666 4133 corpus
690 4051 765 4115 lesu
789 4050 978 4115 conueniant
1001 4050 1124 4132 aquilae
1146 4051 1350 4132 peccatorum

248 4278 266 4343 ¹)
287 4278 399 4332 ‘Moneri
416 4280 446 4331 te
465 4278 610 4331 insinuasti
629 4277 696 4330 mihi
714 4277 785 4331 lecto
809 4270 976 4347 Ἑξαημὲρῳ,
996 4274 1068 4345 quod
1087 4276 1145 4346 ipse
1164 4275 1277 4345 scripsi'.

246 4365 267 4435 ²)
287 4368 380 4422 ‘Lecto
399 4367 529 4421 Examero
548 4370 638 4420 utrum
652 4364 811 4420 Paradisum
831 4364 1011 4419 subtexuerIm
1025 4364 1214 4434 requirendum
1229 4363 1350 4433 putasti'.
