3175 5017
235 450 297 513 750
701 444 900 500 Ambrosii

232 640 383 722 pietatem
415 641 592 725 intellegas.
630 661 690 706 non
723 641 871 724 poposcit
902 643 974 705 ante
1008 644 1039 704 et
1073 640 1119 705 sic
1151 640 1307 723 promisit,
1340 660 1381 705 ne

231 746 394 811 uideretur
430 747 613 830 promisisse
650 748 758 830 potius
797 747 881 829 quod
916 747 1132 829 inpetrauerat
1168 766 1263 830 quam
1296 746 1381 830 quod

230 854 418 937 promiserat
440 852 647 937 praestitisse.
681 872 738 917 nec
768 853 963 935 superfluum
986 857 1080 937 putes
1110 854 1195 935 quod
1222 854 1378 937 poposcit,

231 979 303 1025 oum
341 960 401 1024 tibi
438 960 591 1043 exprimat
625 964 773 1043 paternae
805 961 980 1025 uoluntatis
1014 960 1219 1039 consortium,
1251 961 1282 1024 in
1316 978 1378 1043 quo

229 1067 363 1132 unitatis
386 1067 549 1145 indicium,
573 1086 635 1133 nou
658 1068 888 1133 incrementum
912 1072 961 1132 est
983 1068 1164 1149 potestatis.
1412 1089 1426 1130 s

187 1175 227 1237 55
275 1174 445 1257 Sequimur
467 1177 510 1253 te,
535 1174 660 1238 domiue
684 1175 772 1239 Iesu:
799 1174 854 1238 sed
878 1177 914 1238 ut
942 1193 1113 1256 sequamur
1139 1193 1276 1252 acosma,
1304 1174 1379 1256 quia

230 1281 296 1345 sine
324 1284 355 1345 te
379 1282 486 1345 nullus
510 1281 666 1345 ascendet.
695 1283 730 1346 tu
757 1281 839 1345 euim
864 1281 917 1345 uia
941 1300 985 1362 es,
1009 1282 1129 1346 ueritas
1153 1282 1221 1346 uita
1243 1280 1378 1365 possibi·
1449 1280 1471 1336 C

226 1387 301 1453 litas
329 1387 408 1452 fides
436 1388 622 1469 praemium.
656 1388 782 1470 suscipe
811 1392 885 1453 tuos
910 1387 1003 1469 quasi
1025 1388 1090 1465 uia,
1115 1388 1263 1452 confirma
1287 1385 1378 1471 quasi

228 1494 357 1570 ueritas,
390 1494 519 1559 uiuifica
552 1494 642 1576 quasi
675 1495 752 1559 uita.
785 1494 888 1576 pande
915 1494 997 1559 illud
1024 1498 1116 1560 tuum
1139 1495 1268 1575 bonum,
1292 1495 1378 1576 quod

229 1601 336 1665 uidere
360 1600 559 1665 desiderabat
581 1601 688 1665 Dauid
709 1601 890 1665 inhabitans
914 1602 946 1665 in
971 1601 1064 1666 domo
1089 1601 1217 1676 domini,
1240 1602 1376 1684 ideoque
1396 1624 1423 1683 ro

229 1707 367 1772 dicebat:
386 1707 477 1790 quis
493 1707 682 1772 ostendet
696 1707 814 1773 nobis
829 1710 951 1773 bona?
968 1712 1000 1772 et
1014 1708 1104 1773 alibi:
1121 1709 1231 1773 credo
1245 1708 1376 1773 uidere

227 1814 327 1907 bona
355 1814 506 1879 domini
535 1814 573 1879 in
603 1816 714 1879 terra
742 1814 985 1881 uiuentium.
1009 1815 1054 1879 ibi
1079 1816 1162 1881 enim
1186 1818 1261 1880 sunt
1282 1815 1375 1893 bona,

227 1920 282 1984 ubi
304 1919 373 1985 uita
395 1924 547 2003 perpetua
571 1924 630 1998 est,
659 1921 727 1985 uita
755 1921 822 1985 sine
850 1922 991 1988 crimine.
1025 1921 1102 1986 alibi
1129 1941 1255 2004 quoque
1284 1921 1374 1985 dicit:

226 2025 477 2109 replebimur
494 2027 532 2090 in
552 2027 670 2091 bonis
687 2027 826 2093 domus
842 2032 946 2094 tuae.
968 2028 1051 2109 quod
1065 2028 1136 2091 ideo
1150 2027 1374 2111 frequentauit,

225 2136 263 2197 ut
295 2132 392 2197 scires
425 2133 497 2197 bino
529 2124 646 2197 bonum
679 2134 761 2198 illud
792 2135 1000 2217 philosophos
1039 2134 1252 2213 transtulisse,
1291 2134 1376 2216 quod
1393 2156 1420 2195 15
1439 2134 1465 2188 D

227 2259 388 2304 summum
412 2238 572 2304 adserunt.
601 2240 702 2323 pande
726 2259 800 2325 ergo
824 2242 905 2306 illud
928 2261 1002 2306 uere
1026 2241 1144 2306 bonum
1167 2244 1271 2319 tuum,
1294 2240 1375 2305 illud

227 2346 380 2423 diuinum,
404 2346 435 2411 in
460 2366 522 2428 quo
547 2349 580 2411 et
601 2346 743 2412 uiuimus
768 2350 801 2412 et
823 2367 946 2433 sumus,
960 2352 992 2413 et
1010 2367 1184 2414 monemur.
1208 2367 1376 2413 monemur

224 2453 316 2534 quasi
340 2453 371 2516 iu
396 2453 459 2530 nia,
485 2472 595 2517 sumus
620 2452 711 2535 quasi
734 2453 766 2517 in
790 2455 937 2526 ueritate,
962 2455 1103 2520 uiuimus
1128 2455 1219 2538 quasi
1246 2454 1278 2518 in
1306 2455 1375 2519 uita

224 2564 358 2625 aeterna.
393 2560 574 2625 demonstra
604 2559 695 2625 nobis
723 2560 806 2623 illud
834 2561 919 2642 quod
947 2564 996 2625 est
1023 2562 1151 2640 bonum,
1180 2561 1283 2626 simile
1312 2562 1372 2641 sui,

225 2684 349 2748 semper
375 2666 597 2731 indissolubile
627 2670 721 2749 atque
750 2667 948 2741 inmutabile,
976 2668 1008 2731 in
1039 2687 1100 2750 qno
1129 2668 1229 2733 simus
1255 2669 1374 2733 aeterni
1391 2692 1420 2731 so

223 2772 254 2837 in
288 2772 448 2855 agnitione
482 2774 585 2837 omnis
618 2773 703 2851 boni,
737 2773 822 2838 sicut
854 2793 911 2839 uas
945 2774 1109 2839 electionis
1147 2778 1220 2840 tuae
1253 2776 1374 2842 Paulus

222 2878 412 2944 testificatus
437 2884 488 2945 est
511 2880 633 2945 dicens:
657 2879 835 2945 forsitan
861 2880 963 2944 enim
987 2882 1077 2948 ideo
1102 2882 1305 2960 discessit
1327 2884 1374 2947 ad

313 3119 327 3170 7
347 3115 405 3169 Ioh.
427 3117 469 3180 14,
489 3118 505 3172 6
589 3116 622 3170 10
641 3117 741 3171 Psalm.
761 3117 839 3171 XXII
858 3118 875 3171 6
950 3118 981 3171 11
1002 3118 1100 3174 Psalm.
1121 3117 1178 3172 1111
1197 3119 1213 3172 7
1232 3117 1320 3171 XXVI
1339 3118 1372 3172 13

225 3207 257 3261 13
276 3206 374 3259 Psalm.
395 3204 535 3260 Lxlnla
598 3206 629 3259 17
649 3207 708 3259 Act.
731 3208 772 3269 17,
793 3207 828 3261 28
882 3206 1095 3271 arsetam
1150 3208 1185 3261 22
1203 3208 1318 3261 Philam.
1339 3207 1372 3260 15

260 3385 430 3452 lpoetatem
449 3381 470 3448 (i
484 3397 504 3435 s.
521 3381 589 3449 o)P
626 3380 782 3451 aquoupr.
799 3398 832 3435 ex
851 3398 931 3451 quam
946 3383 1025 3437 m‘2A
1063 3382 1220 3452 3pop=scit
1239 3385 1266 3450 (0
1280 3398 1301 3435 a.
1316 3397 1372 3441 ras.

223 3476 273 3539 orl)
290 3472 316 3524 Α
371 3474 387 3526 5
406 3470 553 3540 potestatis
573 3472 603 3538 (s.
618 3473 666 3523 m2
678 3471 691 3523 l
704 3470 828 3540 pietatis)
842 3471 869 3523 A
887 3472 1001 3540 pietatis
1017 3477 1087 3540 (cap.
1103 3477 1128 3525 ct
1140 3488 1162 3525 a.
1174 3470 1331 3541 potestatis)
1350 3469 1375 3522 Τ

222 3561 362 3614 bacoerse
382 3558 446 3629 (lsi
465 3575 486 3614 s.
507 3575 535 3611 se
555 3560 651 3625 mm
671 3559 771 3613 accersi
792 3560 812 3624 (i
831 3576 864 3613 ex
883 3575 943 3613 em
963 3559 1022 3626 )b[⁴
1077 3560 1280 3614 inscendetA
1295 3560 1319 3627 (l
1332 3557 1374 3611 dit

221 3666 241 3702 s.
263 3648 309 3702 det
327 3652 384 3716 m2)
405 3648 432 3700 P
450 3646 572 3701 ascendit
590 3654 637 3701 oet.
729 3647 745 3700 8
767 3649 888 3718 suscepit
906 3666 956 3701 uos
976 3653 1038 3717 (om.
1059 3649 1147 3717 quasi)
1165 3649 1254 3705 alm*
1273 3655 1298 3704 ct
1316 3651 1374 3722 (m2

222 3738 328 3806 suscipe
352 3754 401 3791 nos
426 3736 514 3807 quasi)
536 3735 560 3789 0
581 3737 687 3806 suscipe
713 3740 739 3803 (e
758 3738 789 3791 c'o
807 3754 862 3791 roa.
885 3738 974 3792 eutr.
994 3738 1038 3803 91⁴)
1058 3754 1107 3790 nos
1125 3738 1171 3798 N‘.
1190 3739 1256 3806 fort.
1274 3742 1305 3792 tu
1324 3758 1373 3794 nos

223 3827 255 3881 10
275 3826 391 3895 ideoque
411 3825 520 3879 dicebat
539 3843 589 3879 ons.
612 3824 638 3879 G
708 3826 738 3880 11
760 3826 888 3880 ostendet
907 3826 963 3879 ΑΡ
980 3825 1102 3880 ostendit
1120 3831 1168 3879 cet.
1243 3828 1275 3881 13
1294 3827 1372 3898 dicit]

222 3916 261 3969 ait
279 3914 316 3969 N‘
373 3917 405 3969 15
423 3916 486 3969 illos
505 3914 648 3973 bi'⁴⁴CE⁴G
721 3914 877 3984 phylosoios
896 3916 923 3968 P
940 3915 1059 3969 filosoios
1083 3914 1132 3971 Va
1187 3916 1220 3968 16
1239 3933 1373 3971 summum

220 4004 253 4059 op
273 4008 318 4069 (m.
339 4009 396 4058 aot.
417 4021 450 4059 cx
467 4004 589 4072 humum)
610 4004 684 4061 bl‘E
699 4004 811 4057 humum
834 4004 859 4057 Τ
879 4008 947 4072 (cap.
968 4010 993 4057 et
1010 4020 1031 4058 a.
1051 4003 1143 4072 unum)
1163 4009 1210 4058 cet.
1292 4006 1324 4058 17
1342 4006 1372 4060 in

221 4108 242 4149 s.
260 4110 287 4147 u.
307 4110 341 4146 m.
362 4099 421 4146 oret.
438 4098 471 4145 ut
488 4092 599 4147 ocatur
616 4094 651 4157 A,
672 4109 722 4146 om.
742 4093 769 4145 P
830 4094 862 4146 19
882 4092 1050 4146 demonstrat
1069 4094 1093 4157 (t
1112 4091 1161 4145 alt.
1179 4108 1201 4162 .⁸·
1220 4109 1249 4145 ac.
1267 4095 1326 4157 m2)
1345 4096 1372 4145 A

257 4181 356 4235 bonurn
377 4180 448 4250 quod
468 4186 510 4235 est
527 4181 606 4246 aba]
620 4181 691 4249 sort.
711 4187 781 4236 recte
853 4182 885 4236 21
908 4180 1047 4249 agnitione
1066 4197 1095 4244 qa
1113 4180 1145 4232 ia
1162 4185 1230 4247 ruo.)
1250 4183 1286 4246 A,
1299 4180 1370 4247 fort.

217 4270 277 4337 fnit
297 4270 453 4337 cognitione
507 4268 586 4335 bonis
605 4268 693 4325 21”Ἐ’
713 4276 738 4323 et
758 4271 780 4336 (s
800 4274 881 4336 cros.)
906 4269 933 4336 0,
980 4286 1029 4323 uas
1047 4268 1176 4325 assum>
1194 4275 1220 4322 et
1237 4285 1258 4323 a.
1277 4285 1305 4324 u.
1325 4272 1373 4323 or2

222 4356 292 4419 AP‘,
312 4363 391 4411 extro
410 4374 437 4411 u.
456 4359 563 4420 012212
584 4374 634 4411 cru.
655 4365 702 4413 cet.
758 4359 792 4413 22
812 4358 847 4412 ad
865 4360 958 4412 horam
979 4357 1039 4412 ideo
1061 4348 1189 4411 discensit
1211 4356 1237 4411 G
