3175 5017
398 459 439 511 De
457 458 593 511 Abraham
611 456 640 510 11
658 459 683 521 9,
702 458 737 511 66
775 457 800 523 (I
819 457 870 510 342
890 457 1004 512 D-343
1024 456 1066 522 C).
1238 461 1298 523 621

154 653 244 714 ante
282 651 431 716 faciem
467 655 642 716 nostram
677 650 868 716 Christus
902 650 1103 729 dominae,
1133 655 1165 714 ct
1188 651 1303 715 liberet

153 777 208 821 nos
232 758 272 821 de
296 767 379 822 terra
401 758 550 842 Aegypti,
575 762 612 822 ut
635 758 755 824 domini
778 759 897 842 pascha
925 759 1131 823 celebremus.
1164 758 1301 822 ieramus

153 863 402 930 etiamfructum
421 865 495 928 fidei
514 865 640 947 abipsa
660 865 808 948 pueritia,
829 883 1004 950 augeamus
1024 865 1055 928 in
1075 864 1300 936 adulescentia,

153 971 330 1035 coloremus
361 972 393 1035 in
421 971 600 1051 iuuentute,
625 973 830 1054 conpleamns
859 972 890 1035 in
919 973 1092 1036 senectute.
1126 971 1189 1035 iarn
1218 971 1401 1035 eninr343A

124 1078 273 1143 ssecuris
303 1078 342 1142 ad
369 1078 491 1144 radices
520 1080 668 1144 arborum
696 1078 803 1161 posita
831 1081 891 1156 est,
920 1082 957 1144 ut
985 1079 1040 1160 qui
1063 1078 1141 1143 facit
1162 1078 1301 1143 fructum

151 1185 240 1249 ferat.
276 1185 419 1250 adultam
452 1186 547 1251 etiarn
580 1191 801 1268 maturamque
834 1189 977 1271 segetem
1009 1188 1148 1250 nostram
1181 1204 1304 1250 messor

151 1291 305 1368 inueniat,
338 1296 375 1356 ut
406 1296 550 1357 maturos
582 1293 707 1357 fructus
739 1293 770 1356 in
806 1293 970 1375 apothecis
1003 1292 1164 1370 recondat,
1193 1312 1230 1356 ne
1257 1292 1303 1356 in-

151 1403 292 1464 maturos
329 1400 454 1482 hiemps
488 1400 713 1483 deprehendat,
749 1403 867 1465 uentus
906 1401 1057 1478 decutiat,
1095 1400 1206 1483 pluuia
1238 1419 1303 1464 cor-

150 1510 289 1589 rumpat.

78 1618 138 1682 661(
195 1615 263 1698 Ego
287 1618 392 1679 tamen
417 1615 551 1680 arbitror
574 1615 746 1699 significari
769 1616 872 1700 magis
891 1615 974 1680 iuter
992 1615 1165 1678 aduentum
1184 1612 1302 1677 domini

151 1721 287 1802 priorem
322 1726 355 1786 et
388 1721 574 1801 secundum,
608 1721 663 1803 qui
694 1722 823 1787 futurus
853 1725 903 1786 est
930 1721 1040 1786 indicii
1069 1721 1147 1796 dies,
1176 1723 1303 1802 tempus

151 1827 304 1892 medium.
328 1828 399 1893 ideo
424 1828 507 1893 enim
531 1831 564 1892 et
582 1827 622 1892 ad
641 1828 718 1892 solis
739 1847 888 1893 oceasum
906 1828 976 1892 uiro
995 1827 1180 1893 huiusmodi
1198 1826 1302 1889 factus
1331 1827 1353 1880 B

152 1939 201 1998 est
222 1954 326 2017 pauor
350 1955 495 2019 magnus,
521 1935 595 2016 quia
619 1935 782 2000 occidente
807 1935 870 1998 iarn
894 1934 1012 1999 mundo
1036 1934 1181 1999 futurum
1210 1933 1304 1998 sacri·

150 2039 259 2104 ficium
278 2041 507 2120 declarabatur,
527 2061 589 2124 quo
609 2041 748 2106 mundus
763 2041 981 2125 redimeretur,
995 2041 1073 2106 fides
1092 2045 1176 2105 esset
1189 2040 1304 2116 hostia,

27 2214 28 2239 ,
113 2175 136 2214 a
153 2165 232 2227 quae
255 2167 318 2212 non
339 2148 537 2213 diuideretur
556 2169 574 2213 a
590 2149 667 2214 filiis
686 2149 830 2220 Abrahae
845 2187 889 2196 —
904 2169 975 2213 nam
996 2149 1050 2230 qui
1069 2167 1138 2212 eam
1158 2147 1306 2210 diuidunt

152 2271 211 2317 non
249 2258 326 2319 sunt
365 2255 511 2320 Abrahae
548 2256 617 2322 filii.
654 2256 732 2320 fides
770 2259 959 2338 conparatur
995 2274 1092 2339 regno
1131 2255 1304 2326 caelorum;

154 2357 289 2425 simile
327 2365 390 2426 cst
427 2363 511 2427 enim
545 2382 715 2446 regnum
748 2351 954 2428 caelorum
988 2380 1112 2446 grano
1146 2360 1304 2443 sinapis

153 2471 184 2531 et
224 2469 365 2533 simile
400 2491 568 2556 regnum
606 2471 812 2536 caelorum
849 2470 1100 2555 negotianti,
1139 2472 1193 2550 qui
1227 2467 1305 2532 emit

153 2593 264 2657 agrurn
284 2578 316 2639 et
333 2575 458 2642 inuenit
475 2579 507 2643 in
523 2597 559 2643 eo
574 2578 777 2662 margaritam
792 2578 976 2660 pretiosam.
996 2595 1129 2659 regnum
1145 2575 1305 2639 caelorum

114 2711 137 2750 20
152 2681 327 2747 indiuisum
343 2688 401 2761 est,
419 2684 492 2767 quia
507 2703 640 2768 regnum
656 2685 809 2748 trinitatis
829 2702 928 2748 unum
948 2689 1007 2748 est.
1026 2683 1096 2747 ideo
1116 2685 1305 2764 perpetuum
1334 2679 1355 2734 C

154 2791 249 2870 atque
281 2794 454 2869 aeternum,
488 2793 563 2874 quia
593 2792 784 2867 indiuisum3
819 2809 910 2855 omne
944 2791 1028 2855 enim
1060 2808 1193 2872 regnum
1226 2785 1305 2850 dini-

154 2914 223 2958 sum
247 2896 341 2960 facile
365 2897 546 2963 destruetur
567 2936 611 2945 —
635 2899 742 2963 hostia
764 2897 846 2962 foret
869 2897 965 2962 etiam
988 2895 1143 2979 pudicitia
1169 2890 1305 2958 trinitati

154 3001 257 3066 dicata
288 3007 364 3086 post
395 3004 475 3069 illud
510 3005 700 3070 sacrificium
736 3005 857 3070 uitulae
891 2999 989 3090 [quia]
1023 3001 1196 3074 laboribus,
1231 3001 1305 3082 quio

154 3109 357 3174 sacerdotalis
387 3111 528 3188 uictima,
558 3130 670 3193 caprae
698 3115 815 3185 autem,
847 3113 920 3192 quia
943 3130 998 3193 pro
1022 3109 1163 3191 peccatis
1187 3107 1302 3182 hostia,

115 3244 137 3282 a
155 3216 271 3294 arietis,
287 3217 361 3299 quia
374 3237 430 3300 pro
450 3219 534 3282 omni
553 3218 671 3282 mundo
691 3220 724 3282 et
741 3237 797 3300 pro
816 3217 896 3309 ipsis
916 3216 1007 3280 aeriis
1027 3216 1080 3280 uel
1099 3213 1301 3289 caelestibus,

241 3382 537 3452 2Erod.12‚3sqq.
591 3383 773 3446 enatans,
796 3381 984 3444 10Luc‚3‚9
1041 3381 1073 3434 13
1093 3380 1193 3434 Matth.
1209 3380 1252 3444 27,
1267 3381 1302 3432 45

155 3472 186 3524 17
205 3470 306 3524 Matth.
328 3471 370 3535 13,
389 3472 421 3524 31
490 3470 523 3524 18
540 3471 641 3524 Matth.
663 3471 704 3533 13,
723 3473 758 3525 45
823 3470 856 3523 21
876 3470 941 3523 Luc.
962 3469 1004 3532 11,
1026 3470 1058 3522 17
1116 3469 1150 3521 25
1169 3467 1248 3521 Philo
1269 3467 1301 3520 de

155 3560 208 3629 gig.
227 3561 244 3612 2
264 3560 336 3630 (263,
355 3559 393 3626 8),
409 3559 441 3615 ci.
462 3559 516 3614 Cic.
537 3559 605 3614 Tim.
627 3559 660 3613 10

187 3665 341 3720 tieramua
359 3667 392 3719 in
409 3683 460 3735 mp.
479 3666 573 3719 maP
626 3666 762 3720 tsecuris
782 3666 803 3730 (i
823 3681 855 3720 ex
874 3669 903 3731 u)
923 3666 950 3718 P
1005 3665 1226 3732 fimaturamque
1245 3666 1301 3728 (nra

154 3756 184 3808 in
200 3760 270 3821 raa.)
291 3755 319 3808 P
388 3756 406 3808 8
425 3755 514 3808 hiemo
536 3755 568 3808 T‘
587 3755 674 3809 hiems
692 3755 724 3808 N
795 3755 827 3807 12
846 3752 1129 3820 huiusmodi...qnia
1147 3753 1178 3804 to
1195 3767 1251 3804 ros.
1271 3751 1301 3804 D

188 3845 277 3899 lactus
291 3843 358 3906 DN,
373 3861 424 3899 om.
438 3850 485 3898 cet.
543 3845 576 3898 13
595 3848 637 3898 est
655 3845 683 3897 P
701 3847 724 3909 (s
742 3861 763 3898 a.
777 3848 817 3909 u.)
834 3847 862 3896 et
879 3842 908 3907 0,
923 3859 973 3899 om.
988 3840 1026 3894 M
1080 3842 1113 3893 14
1132 3839 1260 3892 mundus*
1275 3839 1302 3890 P

156 3935 187 3988 15
206 3935 253 4003 qui
272 3951 331 3987 eam
350 3937 398 3987 m2
416 3950 450 3987 ex
468 3949 519 4002 qne
539 3934 592 3986 iam
611 3933 638 3986 P
710 3933 743 3986 17
763 3932 835 3985 enim
853 3948 904 3985 om.
924 3929 988 3984 DN
1057 3929 1089 3983 18
1109 3927 1196 3981 simile
1216 3928 1257 3980 est
1275 3927 1302 3979 P

81 4082 89 4096 ·
156 4026 208 4089 (est
225 4024 257 4076 ia
274 4039 302 4076 u.
323 4027 440 4076 extremo
457 4025 516 4089 m3)
536 4028 582 4076 cet.
669 4021 772 4075 homini
791 4020 946 4089 negotianti
963 4017 1028 4072 ΒΜ
1099 4018 1132 4070 19
1151 4015 1299 4086 preciosam

155 4113 354 4182 exspeciosam
374 4111 401 4163 P
471 4112 503 4163 21
526 4111 591 4179 adq;
612 4093 672 4181 {inu
692 4110 779 4179 adque
800 4112 862 4177 (ts.
883 4108 910 4174 d)
931 4106 1117 4161 aeternumP
1182 4104 1217 4158 23
1237 4104 1299 4171 quia

154 4199 236 4263 Par,
255 4199 366 4261 inclusi,
387 4215 493 4267 quoque
511 4215 559 4268 pro
579 4199 661 4251 Pana
679 4203 727 4251 cet.
789 4197 825 4250 24
844 4201 886 4249 est
905 4195 1016 4248 uictima
1035 4195 1062 4248 P
1080 4195 1134 4259 (est
1152 4208 1173 4247 s.
1192 4197 1231 4258 o.)
1252 4199 1298 4245 cet.

156 4289 188 4343 25
206 4289 293 4342 omni*
313 4288 337 4359 (s
356 4292 389 4340 ot
405 4289 516 4342 uidetur
534 4292 616 4353 eras.)
637 4287 664 4340 P
770 4287 851 4339 aeriis
870 4285 933 4338 PM
950 4285 1035 4338 aereis
1054 4283 1080 4336 B
1100 4282 1168 4336 aeris
1190 4281 1214 4335 Ο
1231 4281 1298 4334 arie·

155 4377 206 4443 tib;
223 4378 253 4432 D
273 4377 327 4442 (ib,
346 4380 394 4430 m2
413 4393 445 4430 ea
462 4377 498 4446 is)
517 4376 648 4429 arietibus
666 4373 700 4428 N
