<?xml version="1.0" encoding="UTF-8"?>
<!DOCTYPE html PUBLIC "-//W3C//DTD XHTML 1.0 Transitional//EN"
    "http://www.w3.org/TR/xhtml1/DTD/xhtml1-transitional.dtd">
<html xmlns="http://www.w3.org/1999/xhtml" xml:lang="en" lang="en">
 <head>
  <title>
</title>
<meta http-equiv="Content-Type" content="text/html;charset=utf-8" />
  <meta name='ocr-system' content='tesseract 3.04.00' />
  <meta name='ocr-capabilities' content='ocr_page ocr_carea ocr_par ocr_line ocrx_word'/>
</head>
<body>
  <div class='ocr_page' id='page_1' title='image "./corpusscriptoru23wissgoog_0061.png"; bbox 0 0 3175 5017; ppageno 0'>
   <div class='ocr_carea' id='block_1_1' title="bbox 286 391 969 459">
    <p class='ocr_par' dir='ltr' id='par_1_1' title="bbox 286 391 969 459">
     <span class='ocr_line' id='line_1_1' title="bbox 286 391 969 459; baseline 0 -14"><span class='ocrx_word' id='word_1_1' title='bbox 286 396 344 459; x_wconf 70' lang='grc' dir='ltr'><strong>ΠΙ</strong></span> <span class='ocrx_word' id='word_1_2' title='bbox 753 391 969 447; x_wconf 86' lang='lat' dir='ltr'><strong>Praefatio.</strong></span> 
     </span>
    </p>
   </div>
   <div class='ocr_carea' id='block_1_2' title="bbox 287 586 1439 1401">
    <p class='ocr_par' dir='ltr' id='par_1_2' title="bbox 287 586 1439 1401">
     <span class='ocr_line' id='line_1_2' title="bbox 288 586 1437 655; baseline -0.002 -2"><span class='ocrx_word' id='word_1_3' title='bbox 288 589 379 653; x_wconf 90' lang='lat' dir='ltr'><strong>cibus</strong></span> <span class='ocrx_word' id='word_1_4' title='bbox 407 588 697 653; x_wconf 81' lang='lat' dir='ltr'>Mediolanensibus</span> <span class='ocrx_word' id='word_1_5' title='bbox 725 586 978 654; x_wconf 88' lang='lat' dir='ltr'><strong>Nouariensibus</strong></span> <span class='ocrx_word' id='word_1_6' title='bbox 1006 588 1263 655; x_wconf 86' lang='lat' dir='ltr'><strong>Uercellensibus</strong></span> <span class='ocrx_word' id='word_1_7' title='bbox 1291 588 1437 652; x_wconf 90' lang='lat' dir='ltr'><strong>aBalle-</strong></span> 
     </span>
     <span class='ocr_line' id='line_1_3' title="bbox 287 695 1436 778; baseline -0.001 -19"><span class='ocrx_word' id='word_1_8' title='bbox 287 696 367 760; x_wconf 89' lang='lat' dir='ltr'><strong>rinio</strong></span> <span class='ocrx_word' id='word_1_9' title='bbox 392 695 542 760; x_wconf 79' lang='lat' dir='ltr'><strong>adhibitis</strong></span> <span class='ocrx_word' id='word_1_10' title='bbox 566 696 658 777; x_wconf 89' lang='lat' dir='ltr'><strong>plura</strong></span> <span class='ocrx_word' id='word_1_11' title='bbox 681 695 779 759; x_wconf 90' lang='lat' dir='ltr'><strong>uerba</strong></span> <span class='ocrx_word' id='word_1_12' title='bbox 801 696 956 760; x_wconf 84' lang='lat' dir='ltr'><strong>faciamus</strong></span> <span class='ocrx_word' id='word_1_13' title='bbox 980 716 1110 761; x_wconf 90' lang='lat' dir='ltr'><strong>necesse</strong></span> <span class='ocrx_word' id='word_1_14' title='bbox 1129 699 1188 775; x_wconf 90' lang='lat' dir='ltr'><strong>est,</strong></span> <span class='ocrx_word' id='word_1_15' title='bbox 1207 715 1342 778; x_wconf 89' lang='lat' dir='ltr'><strong>quorum</strong></span> <span class='ocrx_word' id='word_1_16' title='bbox 1360 714 1436 777; x_wconf 91' lang='lat' dir='ltr'><strong>pau-</strong></span> 
     </span>
     <span class='ocr_line' id='line_1_4' title="bbox 289 803 1437 885; baseline 0 -19"><span class='ocrx_word' id='word_1_17' title='bbox 289 821 343 867; x_wconf 90' lang='lat' dir='ltr'><strong>cos</strong></span> <span class='ocrx_word' id='word_1_18' title='bbox 363 804 465 867; x_wconf 87' lang='lat' dir='ltr'><strong>aetate</strong></span> <span class='ocrx_word' id='word_1_19' title='bbox 485 803 664 885; x_wconf 82' lang='lat' dir='ltr'><strong>superiores</strong></span> <span class='ocrx_word' id='word_1_20' title='bbox 682 803 751 884; x_wconf 89' lang='lat' dir='ltr'><strong>ipse</strong></span> <span class='ocrx_word' id='word_1_21' title='bbox 771 822 897 885; x_wconf 88' lang='lat' dir='ltr'><strong>quoque</strong></span> <span class='ocrx_word' id='word_1_22' title='bbox 915 803 1047 885; x_wconf 79' lang='lat' dir='ltr'><strong>inspexi,</strong></span> <span class='ocrx_word' id='word_1_23' title='bbox 1064 806 1185 868; x_wconf 90' lang='lat' dir='ltr'><strong>ceteros</strong></span> <span class='ocrx_word' id='word_1_24' title='bbox 1204 805 1316 884; x_wconf 78' lang='lat' dir='ltr'>utpote</span> <span class='ocrx_word' id='word_1_25' title='bbox 1331 822 1437 867; x_wconf 89' lang='lat' dir='ltr'><strong>recen-</strong></span> 
     </span>
     <span class='ocr_line' id='line_1_5' title="bbox 288 907 1437 992; baseline -0.002 -19"><span class='ocrx_word' id='word_1_26' title='bbox 288 910 385 973; x_wconf 87' lang='lat' dir='ltr'><strong>tiores</strong></span> <span class='ocrx_word' id='word_1_27' title='bbox 414 928 515 991; x_wconf 90' lang='lat' dir='ltr'><strong>neque</strong></span> <span class='ocrx_word' id='word_1_28' title='bbox 542 907 642 972; x_wconf 91' lang='lat' dir='ltr'><strong>ullius</strong></span> <span class='ocrx_word' id='word_1_29' title='bbox 670 908 701 972; x_wconf 92' lang='lat' dir='ltr'><strong>in</strong></span> <span class='ocrx_word' id='word_1_30' title='bbox 730 927 762 972; x_wconf 90' lang='grc'><strong>11</strong></span> <span class='ocrx_word' id='word_1_31' title='bbox 792 908 903 973; x_wconf 89' lang='lat' dir='ltr'><strong>critica</strong></span> <span class='ocrx_word' id='word_1_32' title='bbox 930 928 1009 973; x_wconf 91' lang='lat' dir='ltr'><strong>usus</strong></span> <span class='ocrx_word' id='word_1_33' title='bbox 1036 910 1171 992; x_wconf 79' lang='lat' dir='ltr'><strong>neglexi.</strong></span> <span class='ocrx_word' id='word_1_34' title='bbox 1209 928 1309 991; x_wconf 89' lang='lat' dir='ltr'><strong>neque</strong></span> <span class='ocrx_word' id='word_1_35' title='bbox 1332 909 1437 991; x_wconf 91' lang='lat' dir='ltr'><strong>magis</strong></span> 
     </span>
     <span class='ocr_line' id='line_1_6' title="bbox 290 1013 1438 1099; baseline -0.002 -20"><span class='ocrx_word' id='word_1_36' title='bbox 290 1015 400 1079; x_wconf 88' lang='lat' dir='ltr'><strong>curaui</strong></span> <span class='ocrx_word' id='word_1_37' title='bbox 424 1016 550 1080; x_wconf 90' lang='lat' dir='ltr'><strong>codices</strong></span> <span class='ocrx_word' id='word_1_38' title='bbox 574 1014 793 1098; x_wconf 83' lang='lat' dir='ltr'><strong>bybliothecae</strong></span> <span class='ocrx_word' id='word_1_39' title='bbox 817 1015 1037 1080; x_wconf 90' lang='lat' dir='ltr'><strong>uniuersitatis</strong></span> <span class='ocrx_word' id='word_1_40' title='bbox 1054 1015 1242 1099; x_wconf 77' lang='lat' dir='ltr'><strong>Lipsiensis,</strong></span> <span class='ocrx_word' id='word_1_41' title='bbox 1261 1014 1300 1079; x_wconf 90' lang='lat' dir='ltr'><strong>de</strong></span> <span class='ocrx_word' id='word_1_42' title='bbox 1320 1013 1438 1097; x_wconf 89' lang='lat' dir='ltr'><strong>quibus</strong></span> 
     </span>
     <span class='ocr_line' id='line_1_7' title="bbox 288 1120 1436 1204; baseline -0.002 -18"><span class='ocrx_word' id='word_1_43' title='bbox 288 1122 363 1186; x_wconf 90' lang='lat' dir='ltr'><strong>uide</strong></span> <span class='ocrx_word' id='word_1_44' title='bbox 401 1142 480 1204; x_wconf 91' lang='lat' dir='ltr'><strong>quae</strong></span> <span class='ocrx_word' id='word_1_45' title='bbox 516 1123 554 1186; x_wconf 89' lang='lat' dir='ltr'><strong>R.</strong></span> <span class='ocrx_word' id='word_1_46' title='bbox 589 1120 625 1186; x_wconf 92' lang='lat' dir='ltr'><strong>O.</strong></span> <span class='ocrx_word' id='word_1_47' title='bbox 661 1121 785 1187; x_wconf 85' lang='lat' dir='ltr'><strong>Gilbert</strong></span> <span class='ocrx_word' id='word_1_48' title='bbox 821 1123 853 1186; x_wconf 92' lang='lat' dir='ltr'><strong>in</strong></span> <span class='ocrx_word' id='word_1_49' title='bbox 888 1122 1034 1187; x_wconf 82' lang='lat' dir='ltr'><strong>Exameri</strong></span> <span class='ocrx_word' id='word_1_50' title='bbox 1071 1122 1209 1187; x_wconf 73' lang='lat' dir='ltr'><strong>editione</strong></span> <span class='ocrx_word' id='word_1_51' title='bbox 1245 1122 1373 1203; x_wconf 84' lang='lat' dir='ltr'><strong>Lipsiae</strong></span> <span class='ocrx_word' id='word_1_52' title='bbox 1408 1139 1436 1184; x_wconf 85' lang='lat' dir='ltr'><strong>a.</strong></span> 
     </span>
     <span class='ocr_line' id='line_1_8' title="bbox 289 1227 1439 1312; baseline -0.002 -19"><span class='ocrx_word' id='word_1_53' title='bbox 289 1228 554 1295; x_wconf 79' lang='lat' dir='ltr'>MDCOOXXXX</span> <span class='ocrx_word' id='word_1_54' title='bbox 576 1228 608 1292; x_wconf 93' lang='lat' dir='ltr'><strong>in</strong></span> <span class='ocrx_word' id='word_1_55' title='bbox 631 1230 737 1293; x_wconf 91' lang='lat' dir='ltr'><strong>lucem</strong></span> <span class='ocrx_word' id='word_1_56' title='bbox 761 1230 879 1295; x_wconf 87' lang='lat' dir='ltr'><strong>emissa</strong></span> <span class='ocrx_word' id='word_1_57' title='bbox 906 1230 1061 1312; x_wconf 84' lang='lat' dir='ltr'><strong>exposuit.</strong></span> <span class='ocrx_word' id='word_1_58' title='bbox 1095 1248 1131 1295; x_wconf 91' lang='lat' dir='ltr'><strong>ex</strong></span> <span class='ocrx_word' id='word_1_59' title='bbox 1161 1228 1269 1294; x_wconf 91' lang='lat' dir='ltr'><strong>codice</strong></span> <span class='ocrx_word' id='word_1_60' title='bbox 1296 1227 1439 1293; x_wconf 85' lang='lat' dir='ltr'><strong>familiae</strong></span> 
     </span>
     <span class='ocr_line' id='line_1_9' title="bbox 289 1335 847 1401; baseline -0.002 -1"><span class='ocrx_word' id='word_1_61' title='bbox 289 1335 329 1400; x_wconf 81' lang='lat' dir='ltr'><strong>N‘</strong></span> <span class='ocrx_word' id='word_1_62' title='bbox 351 1336 442 1399; x_wconf 89' lang='lat' dir='ltr'><strong>fluxit</strong></span> <span class='ocrx_word' id='word_1_63' title='bbox 466 1336 561 1401; x_wconf 91' lang='lat' dir='ltr'><strong>editio</strong></span> <span class='ocrx_word' id='word_1_64' title='bbox 585 1336 847 1401; x_wconf 87' lang='lat' dir='ltr'><strong>Amerbachiana.</strong></span> 
     </span>
    </p>
   </div>
   <div class='ocr_carea' id='block_1_3' title="bbox 172 1442 1441 1527">
    <p class='ocr_par' dir='ltr' id='par_1_3' title="bbox 172 1442 1441 1527">
     <span class='ocr_line' id='line_1_10' title="bbox 172 1442 1441 1527; baseline 0.004 -25"><span class='ocrx_word' id='word_1_65' title='bbox 172 1479 181 1502; x_wconf 69' lang='lat'>0</span> <span class='ocrx_word' id='word_1_66' title='bbox 207 1478 240 1503; x_wconf 66' lang='lat' dir='ltr'><strong>a.</strong></span> <span class='ocrx_word' id='word_1_67' title='bbox 261 1476 281 1501; x_wconf 72' lang='lat' dir='ltr'><strong>u</strong></span> <span class='ocrx_word' id='word_1_68' title='bbox 334 1445 402 1507; x_wconf 90' lang='lat' dir='ltr'><strong>lam</strong></span> <span class='ocrx_word' id='word_1_69' title='bbox 424 1444 556 1527; x_wconf 88' lang='lat' dir='ltr'><strong>longum</strong></span> <span class='ocrx_word' id='word_1_70' title='bbox 581 1446 614 1507; x_wconf 93' lang='lat' dir='ltr'><strong>et</strong></span> <span class='ocrx_word' id='word_1_71' title='bbox 642 1442 776 1507; x_wconf 92' lang='lat' dir='ltr'><strong>arduum</strong></span> <span class='ocrx_word' id='word_1_72' title='bbox 806 1444 866 1509; x_wconf 90' lang='lat' dir='ltr'><strong>iter</strong></span> <span class='ocrx_word' id='word_1_73' title='bbox 894 1444 1014 1508; x_wconf 88' lang='lat' dir='ltr'><strong>emensi</strong></span> <span class='ocrx_word' id='word_1_74' title='bbox 1041 1443 1207 1508; x_wconf 87' lang='lat' dir='ltr'><strong>ueniamus</strong></span> <span class='ocrx_word' id='word_1_75' title='bbox 1231 1443 1270 1507; x_wconf 90' lang='lat' dir='ltr'><strong>ad</strong></span> <span class='ocrx_word' id='word_1_76' title='bbox 1292 1443 1441 1507; x_wconf 92' lang='lat' dir='ltr'><strong>libellum</strong></span> 
     </span>
    </p>
   </div>
   <div class='ocr_carea' id='block_1_4' title="bbox 206 1549 1443 4097">
    <p class='ocr_par' dir='ltr' id='par_1_4' title="bbox 206 1549 1443 4097">
     <span class='ocr_line' id='line_1_11' title="bbox 292 1549 1441 1634; baseline -0.002 -19"><span class='ocrx_word' id='word_1_77' title='bbox 292 1551 329 1615; x_wconf 90' lang='lat' dir='ltr'><strong>de</strong></span> <span class='ocrx_word' id='word_1_78' title='bbox 363 1552 560 1633; x_wconf 82' lang='lat' dir='ltr'><strong>paradiso,</strong></span> <span class='ocrx_word' id='word_1_79' title='bbox 596 1551 634 1614; x_wconf 95' lang='lat' dir='ltr'><strong>de</strong></span> <span class='ocrx_word' id='word_1_80' title='bbox 668 1571 739 1634; x_wconf 88' lang='lat' dir='ltr'><strong>quo,</strong></span> <span class='ocrx_word' id='word_1_81' title='bbox 774 1570 848 1615; x_wconf 91' lang='lat' dir='ltr'><strong>cum</strong></span> <span class='ocrx_word' id='word_1_82' title='bbox 880 1551 1014 1634; x_wconf 85' lang='lat' dir='ltr'><strong>simplex</strong></span> <span class='ocrx_word' id='word_1_83' title='bbox 1046 1551 1090 1616; x_wconf 89' lang='lat' dir='ltr'><strong>sit</strong></span> <span class='ocrx_word' id='word_1_84' title='bbox 1121 1555 1215 1634; x_wconf 89' lang='lat' dir='ltr'><strong>atque</strong></span> <span class='ocrx_word' id='word_1_85' title='bbox 1248 1553 1359 1633; x_wconf 88' lang='lat' dir='ltr'><strong>aperta</strong></span> <span class='ocrx_word' id='word_1_86' title='bbox 1394 1549 1441 1613; x_wconf 88' lang='lat' dir='ltr'><strong>rei</strong></span> 
     </span>
     <span class='ocr_line' id='line_1_12' title="bbox 292 1658 1441 1742; baseline -0.001 -21"><span class='ocrx_word' id='word_1_87' title='bbox 292 1658 420 1722; x_wconf 82' lang='lat' dir='ltr'><strong>criticae</strong></span> <span class='ocrx_word' id='word_1_88' title='bbox 452 1658 543 1735; x_wconf 89' lang='lat' dir='ltr'><strong>ratio,</strong></span> <span class='ocrx_word' id='word_1_89' title='bbox 575 1677 641 1723; x_wconf 90' lang='lat' dir='ltr'><strong>rem</strong></span> <span class='ocrx_word' id='word_1_90' title='bbox 674 1658 784 1742; x_wconf 87' lang='lat' dir='ltr'><strong>paucis</strong></span> <span class='ocrx_word' id='word_1_91' title='bbox 819 1659 983 1723; x_wconf 88' lang='lat' dir='ltr'><strong>absoluere</strong></span> <span class='ocrx_word' id='word_1_92' title='bbox 1012 1677 1195 1741; x_wconf 90' lang='lat' dir='ltr'><strong>possumus.</strong></span> <span class='ocrx_word' id='word_1_93' title='bbox 1229 1658 1348 1722; x_wconf 85' lang='lat' dir='ltr'><strong>etenim</strong></span> <span class='ocrx_word' id='word_1_94' title='bbox 1371 1660 1441 1721; x_wconf 86' lang='lat' dir='ltr'><strong>tota</strong></span> 
     </span>
     <span class='ocr_line' id='line_1_13' title="bbox 292 1763 1440 1846; baseline 0.001 -19"><span class='ocrx_word' id='word_1_95' title='bbox 292 1765 361 1829; x_wconf 92' lang='lat' dir='ltr'><strong>eius</strong></span> <span class='ocrx_word' id='word_1_96' title='bbox 385 1764 526 1829; x_wconf 84' lang='lat' dir='ltr'><strong>recensio</strong></span> <span class='ocrx_word' id='word_1_97' title='bbox 552 1784 569 1828; x_wconf 87' lang='lat' dir='ltr'><strong>a</strong></span> <span class='ocrx_word' id='word_1_98' title='bbox 593 1765 717 1831; x_wconf 90' lang='lat' dir='ltr'><strong>duobus</strong></span> <span class='ocrx_word' id='word_1_99' title='bbox 738 1766 901 1830; x_wconf 93' lang='lat' dir='ltr'><strong>codicibus</strong></span> <span class='ocrx_word' id='word_1_100' title='bbox 921 1766 1039 1829; x_wconf 89' lang='lat' dir='ltr'><strong>saeculi</strong></span> <span class='ocrx_word' id='word_1_101' title='bbox 1057 1764 1151 1829; x_wconf 88' lang='lat' dir='ltr'>VIIII</span> <span class='ocrx_word' id='word_1_102' title='bbox 1168 1764 1294 1846; x_wconf 84' lang='lat' dir='ltr'><strong>pendet,</strong></span> <span class='ocrx_word' id='word_1_103' title='bbox 1313 1763 1440 1828; x_wconf 86' lang='lat' dir='ltr'><strong>Audo-</strong></span> 
     </span>
     <span class='ocr_line' id='line_1_14' title="bbox 292 1870 1439 1958; baseline -0.001 -23"><span class='ocrx_word' id='word_1_104' title='bbox 292 1872 592 1955; x_wconf 87' lang='lat' dir='ltr'><strong>maropolitano</strong></span> <span class='ocrx_word' id='word_1_105' title='bbox 619 1874 660 1935; x_wconf 83' lang='lat'><strong>72</strong></span> <span class='ocrx_word' id='word_1_106' title='bbox 686 1870 1439 1958; x_wconf 62' lang='grc'><strong>(1111111111)1911111111111111</strong></span> 
     </span>
     <span class='ocr_line' id='line_1_15' title="bbox 292 1976 1441 2065; baseline -0.001 -24"><span class='ocrx_word' id='word_1_107' title='bbox 292 1976 354 2063; x_wconf 81' lang='lat' dir='ltr'><strong>(P).</strong></span> <span class='ocrx_word' id='word_1_108' title='bbox 383 1996 419 2043; x_wconf 89' lang='lat' dir='ltr'><strong>ac</strong></span> <span class='ocrx_word' id='word_1_109' title='bbox 447 1979 561 2061; x_wconf 90' lang='lat' dir='ltr'><strong>priore,</strong></span> <span class='ocrx_word' id='word_1_110' title='bbox 592 1980 645 2061; x_wconf 91' lang='lat' dir='ltr'><strong>qui</strong></span> <span class='ocrx_word' id='word_1_111' title='bbox 673 1979 792 2045; x_wconf 89' lang='lat' dir='ltr'><strong>formae</strong></span> <span class='ocrx_word' id='word_1_112' title='bbox 823 1980 976 2065; x_wconf 89' lang='lat' dir='ltr'><strong>oblongae</strong></span> <span class='ocrx_word' id='word_1_113' title='bbox 1010 1981 1069 2058; x_wconf 84' lang='lat' dir='ltr'><strong>est,</strong></span> <span class='ocrx_word' id='word_1_114' title='bbox 1098 1979 1247 2043; x_wconf 88' lang='lat' dir='ltr'><strong>foliorum</strong></span> <span class='ocrx_word' id='word_1_115' title='bbox 1279 1980 1353 2057; x_wconf 81' lang='lat'><strong>136,</strong></span> <span class='ocrx_word' id='word_1_116' title='bbox 1380 1978 1441 2041; x_wconf 91' lang='lat' dir='ltr'><strong>hae</strong></span> 
     </span>
     <span class='ocr_line' id='line_1_16' title="bbox 292 2084 1440 2167; baseline 0.001 -20"><span class='ocrx_word' id='word_1_117' title='bbox 292 2084 479 2167; x_wconf 87' lang='lat' dir='ltr'><strong>scriptiones</strong></span> <span class='ocrx_word' id='word_1_118' title='bbox 513 2086 726 2151; x_wconf 88' lang='lat' dir='ltr'><strong>continentur:</strong></span> <span class='ocrx_word' id='word_1_119' title='bbox 760 2088 782 2151; x_wconf 90' lang='lat' dir='ltr'><strong>f.</strong></span> <span class='ocrx_word' id='word_1_120' title='bbox 810 2088 917 2151; x_wconf 82' lang='lat'>1-24</span> <span class='ocrx_word' id='word_1_121' title='bbox 942 2086 979 2151; x_wconf 91' lang='lat' dir='ltr'><strong>de</strong></span> <span class='ocrx_word' id='word_1_122' title='bbox 1002 2088 1101 2161; x_wconf 85' lang='lat' dir='ltr'><strong>Isaac,</strong></span> <span class='ocrx_word' id='word_1_123' title='bbox 1126 2087 1272 2149; x_wconf 66' lang='lat'>24-4312</span> <span class='ocrx_word' id='word_1_124' title='bbox 1296 2084 1333 2149; x_wconf 89' lang='lat' dir='ltr'><strong>dc</strong></span> <span class='ocrx_word' id='word_1_125' title='bbox 1356 2084 1440 2149; x_wconf 88' lang='lat' dir='ltr'><strong>bono</strong></span> 
     </span>
     <span class='ocr_line' id='line_1_17' title="bbox 293 2191 1441 2277; baseline 0.001 -24"><span class='ocrx_word' id='word_1_126' title='bbox 293 2191 416 2269; x_wconf 90' lang='lat' dir='ltr'><strong>mortis,</strong></span> <span class='ocrx_word' id='word_1_127' title='bbox 446 2194 604 2257; x_wconf 66' lang='lat' dir='ltr'><strong>rer—61¹¹</strong></span> <span class='ocrx_word' id='word_1_128' title='bbox 633 2192 671 2257; x_wconf 91' lang='lat' dir='ltr'><strong>de</strong></span> <span class='ocrx_word' id='word_1_129' title='bbox 699 2194 777 2277; x_wconf 89' lang='lat' dir='ltr'><strong>fuga</strong></span> <span class='ocrx_word' id='word_1_130' title='bbox 805 2194 934 2270; x_wconf 89' lang='lat' dir='ltr'><strong>saeculi,</strong></span> <span class='ocrx_word' id='word_1_131' title='bbox 966 2194 1124 2257; x_wconf 66' lang='lat' dir='ltr'><strong>err—89¹¹</strong></span> <span class='ocrx_word' id='word_1_132' title='bbox 1147 2193 1185 2257; x_wconf 93' lang='lat' dir='ltr'><strong>de</strong></span> <span class='ocrx_word' id='word_1_133' title='bbox 1207 2193 1314 2271; x_wconf 88' lang='lat' dir='ltr'><strong>Iacob,</strong></span> <span class='ocrx_word' id='word_1_134' title='bbox 1339 2192 1441 2255; x_wconf 67' lang='lat'><strong>89⁰-</strong></span> 
     </span>
     <span class='ocr_line' id='line_1_18' title="bbox 297 2298 1442 2382; baseline -0.001 -20"><span class='ocrx_word' id='word_1_135' title='bbox 297 2301 358 2363; x_wconf 87' lang='lat'><strong>108</strong></span> <span class='ocrx_word' id='word_1_136' title='bbox 396 2298 435 2363; x_wconf 90' lang='lat' dir='ltr'><strong>de</strong></span> <span class='ocrx_word' id='word_1_137' title='bbox 471 2299 628 2382; x_wconf 87' lang='lat' dir='ltr'><strong>paradiso,</strong></span> <span class='ocrx_word' id='word_1_138' title='bbox 668 2301 856 2364; x_wconf 61' lang='lat' dir='ltr'><strong>roe-119³</strong></span> <span class='ocrx_word' id='word_1_139' title='bbox 892 2299 929 2363; x_wconf 93' lang='lat' dir='ltr'><strong>de</strong></span> <span class='ocrx_word' id='word_1_140' title='bbox 967 2299 1183 2365; x_wconf 84' lang='lat' dir='ltr'><strong>consolatione</strong></span> <span class='ocrx_word' id='word_1_141' title='bbox 1215 2298 1442 2374; x_wconf 87' lang='lat' dir='ltr'><strong>Ualentiniani,</strong></span> 
     </span>
     <span class='ocr_line' id='line_1_19' title="bbox 294 2407 1441 2492; baseline 0.001 -24"><span class='ocrx_word' id='word_1_142' title='bbox 294 2407 497 2469; x_wconf 63' lang='lat' dir='ltr'><strong>llll-135u</strong></span> <span class='ocrx_word' id='word_1_143' title='bbox 521 2407 659 2489; x_wconf 88' lang='lat' dir='ltr'><strong>epistula</strong></span> <span class='ocrx_word' id='word_1_144' title='bbox 683 2408 722 2471; x_wconf 91' lang='lat' dir='ltr'><strong>ad</strong></span> <span class='ocrx_word' id='word_1_145' title='bbox 745 2407 1006 2492; x_wconf 82' lang='lat' dir='ltr'><strong>Uercellenses.¹)</strong></span> <span class='ocrx_word' id='word_1_146' title='bbox 1028 2407 1060 2472; x_wconf 94' lang='lat' dir='ltr'><strong>in</strong></span> <span class='ocrx_word' id='word_1_147' title='bbox 1082 2408 1161 2472; x_wconf 85' lang='lat' dir='ltr'><strong>folio</strong></span> <span class='ocrx_word' id='word_1_148' title='bbox 1189 2407 1441 2485; x_wconf 88' lang='lat' dir='ltr'><strong>membranaceo,</strong></span> 
     </span>
     <span class='ocr_line' id='line_1_20' title="bbox 292 2512 1441 2599; baseline 0.002 -24"><span class='ocrx_word' id='word_1_149' title='bbox 292 2512 378 2594; x_wconf 86' lang='lat' dir='ltr'><strong>quod</strong></span> <span class='ocrx_word' id='word_1_150' title='bbox 417 2517 488 2577; x_wconf 89' lang='lat' dir='ltr'><strong>ante</strong></span> <span class='ocrx_word' id='word_1_151' title='bbox 524 2514 663 2595; x_wconf 91' lang='lat' dir='ltr'><strong>primum</strong></span> <span class='ocrx_word' id='word_1_152' title='bbox 701 2514 861 2579; x_wconf 89' lang='lat' dir='ltr'><strong>adiectum</strong></span> <span class='ocrx_word' id='word_1_153' title='bbox 900 2518 949 2579; x_wconf 91' lang='lat' dir='ltr'><strong>est</strong></span> <span class='ocrx_word' id='word_1_154' title='bbox 985 2534 1114 2579; x_wconf 90' lang='lat' dir='ltr'><strong>numero</strong></span> <span class='ocrx_word' id='word_1_155' title='bbox 1146 2534 1207 2580; x_wconf 93' lang='lat' dir='ltr'><strong>non</strong></span> <span class='ocrx_word' id='word_1_156' title='bbox 1239 2514 1441 2599; x_wconf 88' lang='lat' dir='ltr'><strong>insignitum,</strong></span> 
     </span>
     <span class='ocr_line' id='line_1_21' title="bbox 291 2618 1441 2703; baseline 0.001 -21"><span class='ocrx_word' id='word_1_157' title='bbox 291 2622 367 2701; x_wconf 88' lang='lat' dir='ltr'><strong>post</strong></span> <span class='ocrx_word' id='word_1_158' title='bbox 392 2618 523 2683; x_wconf 89' lang='lat' dir='ltr'><strong>breuem</strong></span> <span class='ocrx_word' id='word_1_159' title='bbox 550 2621 703 2685; x_wconf 91' lang='lat' dir='ltr'><strong>librorum</strong></span> <span class='ocrx_word' id='word_1_160' title='bbox 732 2640 812 2702; x_wconf 91' lang='lat' dir='ltr'><strong>quos</strong></span> <span class='ocrx_word' id='word_1_161' title='bbox 840 2621 891 2686; x_wconf 90' lang='lat' dir='ltr'><strong>hic</strong></span> <span class='ocrx_word' id='word_1_162' title='bbox 920 2622 1017 2686; x_wconf 92' lang='lat' dir='ltr'><strong>codex</strong></span> <span class='ocrx_word' id='word_1_163' title='bbox 1048 2622 1273 2703; x_wconf 89' lang='lat' dir='ltr'><strong>complectitur</strong></span> <span class='ocrx_word' id='word_1_164' title='bbox 1301 2621 1441 2685; x_wconf 89' lang='lat' dir='ltr'><strong>indicem</strong></span> 
     </span>
     <span class='ocr_line' id='line_1_22' title="bbox 291 2726 1441 2810; baseline 0.002 -21"><span class='ocrx_word' id='word_1_165' title='bbox 291 2744 388 2789; x_wconf 87' lang='lat' dir='ltr'><strong>manu</strong></span> <span class='ocrx_word' id='word_1_166' title='bbox 416 2727 587 2791; x_wconf 88' lang='lat' dir='ltr'><strong>recentiore</strong></span> <span class='ocrx_word' id='word_1_167' title='bbox 617 2726 797 2791; x_wconf 84' lang='lat' dir='ltr'><strong>confectum</strong></span> <span class='ocrx_word' id='word_1_168' title='bbox 824 2730 901 2792; x_wconf 91' lang='lat' dir='ltr'><strong>haec</strong></span> <span class='ocrx_word' id='word_1_169' title='bbox 929 2728 1087 2810; x_wconf 88' lang='lat' dir='ltr'><strong>adscripta</strong></span> <span class='ocrx_word' id='word_1_170' title='bbox 1114 2733 1204 2794; x_wconf 91' lang='lat' dir='ltr'><strong>sunt:</strong></span> <span class='ocrx_word' id='word_1_171' title='bbox 1237 2730 1334 2795; x_wconf 79' lang='lat' dir='ltr'><strong>‘Usus</strong></span> <span class='ocrx_word' id='word_1_172' title='bbox 1368 2748 1441 2793; x_wconf 91' lang='lat' dir='ltr'><strong>sum</strong></span> 
     </span>
     <span class='ocr_line' id='line_1_23' title="bbox 292 2831 1441 2917; baseline 0.002 -22"><span class='ocrx_word' id='word_1_173' title='bbox 292 2831 352 2896; x_wconf 91' lang='lat' dir='ltr'><strong>hoc</strong></span> <span class='ocrx_word' id='word_1_174' title='bbox 376 2832 456 2897; x_wconf 86' lang='lat' dir='ltr'><strong>libro</strong></span> <span class='ocrx_word' id='word_1_175' title='bbox 482 2835 514 2897; x_wconf 90' lang='lat' dir='ltr'><strong>et</strong></span> <span class='ocrx_word' id='word_1_176' title='bbox 536 2834 659 2917; x_wconf 88' lang='lat' dir='ltr'><strong>repperi</strong></span> <span class='ocrx_word' id='word_1_177' title='bbox 679 2834 756 2899; x_wconf 90' lang='lat' dir='ltr'><strong>satis</strong></span> <span class='ocrx_word' id='word_1_178' title='bbox 776 2835 877 2899; x_wconf 91' lang='lat' dir='ltr'><strong>bonae</strong></span> <span class='ocrx_word' id='word_1_179' title='bbox 896 2839 999 2899; x_wconf 87' lang='lat' dir='ltr'><strong>notae.</strong></span> <span class='ocrx_word' id='word_1_180' title='bbox 1022 2836 1115 2900; x_wconf 85' lang='lat' dir='ltr'><strong>Arias</strong></span> <span class='ocrx_word' id='word_1_181' title='bbox 1133 2856 1242 2900; x_wconf 89' lang='lat' dir='ltr'><strong>mense</strong></span> <span class='ocrx_word' id='word_1_182' title='bbox 1262 2834 1441 2917; x_wconf 86' lang='lat' dir='ltr'><strong>Septembri</strong></span> 
     </span>
     <span class='ocr_line' id='line_1_24' title="bbox 294 2939 1441 3026; baseline 0.002 -23"><span class='ocrx_word' id='word_1_183' title='bbox 294 2939 366 3003; x_wconf 89' lang='lat' dir='ltr'><strong>anni</strong></span> <span class='ocrx_word' id='word_1_184' title='bbox 394 2940 571 3005; x_wconf 82' lang='lat' dir='ltr'><strong>MDXOIV.</strong></span> <span class='ocrx_word' id='word_1_185' title='bbox 600 2942 651 3005; x_wconf 82' lang='lat' dir='ltr'><strong>Fr.</strong></span> <span class='ocrx_word' id='word_1_186' title='bbox 679 2942 807 3007; x_wconf 86' lang='lat' dir='ltr'><strong>Medius</strong></span> <span class='ocrx_word' id='word_1_187' title='bbox 837 2943 1014 3009; x_wconf 80' lang='lat' dir='ltr'><strong>Canonicus</strong></span> <span class='ocrx_word' id='word_1_188' title='bbox 1038 2944 1202 3023; x_wconf 86' lang='lat' dir='ltr'><strong>Ariousis’,</strong></span> <span class='ocrx_word' id='word_1_189' title='bbox 1227 2962 1343 3026; x_wconf 88' lang='lat' dir='ltr'><strong>quare</strong></span> <span class='ocrx_word' id='word_1_190' title='bbox 1368 2943 1441 3006; x_wconf 90' lang='lat' dir='ltr'><strong>edo-</strong></span> 
     </span>
     <span class='ocr_line' id='line_1_25' title="bbox 293 3048 1441 3131; baseline 0.003 -22"><span class='ocrx_word' id='word_1_191' title='bbox 293 3064 402 3109; x_wconf 90' lang='lat' dir='ltr'><strong>cemur</strong></span> <span class='ocrx_word' id='word_1_192' title='bbox 439 3048 643 3112; x_wconf 85' lang='lat' dir='ltr'><strong>Franciscum</strong></span> <span class='ocrx_word' id='word_1_193' title='bbox 680 3050 836 3128; x_wconf 91' lang='lat' dir='ltr'><strong>Modium,</strong></span> <span class='ocrx_word' id='word_1_194' title='bbox 874 3051 979 3114; x_wconf 90' lang='lat' dir='ltr'><strong>uirum</strong></span> <span class='ocrx_word' id='word_1_195' title='bbox 1019 3051 1197 3115; x_wconf 90' lang='lat' dir='ltr'><strong>litterarum</strong></span> <span class='ocrx_word' id='word_1_196' title='bbox 1239 3050 1441 3131; x_wconf 89' lang='lat' dir='ltr'><strong>antiquarum</strong></span> 
     </span>
     <span class='ocr_line' id='line_1_26' title="bbox 292 3153 1441 3237; baseline 0.003 -21"><span class='ocrx_word' id='word_1_197' title='bbox 292 3153 534 3233; x_wconf 88' lang='lat' dir='ltr'><strong>peritissimum,</strong></span> <span class='ocrx_word' id='word_1_198' title='bbox 569 3156 622 3237; x_wconf 91' lang='lat' dir='ltr'><strong>qui</strong></span> <span class='ocrx_word' id='word_1_199' title='bbox 655 3159 748 3221; x_wconf 90' lang='lat' dir='ltr'><strong>natus</strong></span> <span class='ocrx_word' id='word_1_200' title='bbox 787 3176 814 3223; x_wconf 89' lang='lat' dir='ltr'><strong>a.</strong></span> <span class='ocrx_word' id='word_1_201' title='bbox 855 3159 939 3222; x_wconf 81' lang='lat'>1556</span> <span class='ocrx_word' id='word_1_202' title='bbox 977 3158 1117 3223; x_wconf 89' lang='lat' dir='ltr'><strong>decessit</strong></span> <span class='ocrx_word' id='word_1_203' title='bbox 1153 3177 1180 3221; x_wconf 87' lang='lat' dir='ltr'><strong>a.</strong></span> <span class='ocrx_word' id='word_1_204' title='bbox 1222 3158 1317 3235; x_wconf 81' lang='lat'><strong>1599,</strong></span> <span class='ocrx_word' id='word_1_205' title='bbox 1356 3157 1441 3219; x_wconf 88' lang='lat' dir='ltr'><strong>hune</strong></span> 
     </span>
     <span class='ocr_line' id='line_1_27' title="bbox 292 3259 1441 3346; baseline 0.005 -25"><span class='ocrx_word' id='word_1_206' title='bbox 292 3259 409 3323; x_wconf 91' lang='lat' dir='ltr'><strong>librum</strong></span> <span class='ocrx_word' id='word_1_207' title='bbox 439 3262 612 3326; x_wconf 91' lang='lat' dir='ltr'><strong>euoluisse.</strong></span> <span class='ocrx_word' id='word_1_208' title='bbox 646 3283 747 3345; x_wconf 88' lang='lat' dir='ltr'><strong>neque</strong></span> <span class='ocrx_word' id='word_1_209' title='bbox 771 3284 847 3329; x_wconf 94' lang='lat' dir='ltr'><strong>uero</strong></span> <span class='ocrx_word' id='word_1_210' title='bbox 871 3265 1002 3329; x_wconf 86' lang='lat' dir='ltr'><strong>minoris</strong></span> <span class='ocrx_word' id='word_1_211' title='bbox 1025 3265 1179 3329; x_wconf 90' lang='lat' dir='ltr'><strong>momenti</strong></span> <span class='ocrx_word' id='word_1_212' title='bbox 1202 3267 1278 3328; x_wconf 91' lang='lat' dir='ltr'><strong>sunt</strong></span> <span class='ocrx_word' id='word_1_213' title='bbox 1301 3282 1337 3327; x_wconf 91' lang='lat' dir='ltr'><strong>ea</strong></span> <span class='ocrx_word' id='word_1_214' title='bbox 1360 3282 1441 3346; x_wconf 91' lang='lat' dir='ltr'><strong>quae</strong></span> 
     </span>
     <span class='ocr_line' id='line_1_28' title="bbox 293 3365 1440 3455; baseline 0.005 -27"><span class='ocrx_word' id='word_1_215' title='bbox 293 3365 437 3430; x_wconf 81' lang='lat' dir='ltr'><strong>incerta</strong></span> <span class='ocrx_word' id='word_1_216' title='bbox 459 3367 557 3432; x_wconf 89' lang='lat' dir='ltr'><strong>lintea</strong></span> <span class='ocrx_word' id='word_1_217' title='bbox 581 3371 652 3432; x_wconf 89' lang='lat' dir='ltr'><strong>ante</strong></span> <span class='ocrx_word' id='word_1_218' title='bbox 676 3369 790 3433; x_wconf 88' lang='lat' dir='ltr'><strong>folium</strong></span> <span class='ocrx_word' id='word_1_219' title='bbox 818 3370 956 3451; x_wconf 90' lang='lat' dir='ltr'><strong>primum</strong></span> <span class='ocrx_word' id='word_1_220' title='bbox 983 3371 1101 3435; x_wconf 89' lang='lat' dir='ltr'><strong>inserta</strong></span> <span class='ocrx_word' id='word_1_221' title='bbox 1128 3372 1297 3455; x_wconf 81' lang='lat' dir='ltr'><strong>legunturr</strong></span> <span class='ocrx_word' id='word_1_222' title='bbox 1327 3370 1440 3435; x_wconf 80' lang='lat' dir='ltr'><strong>‘Colla-</strong></span> 
     </span>
     <span class='ocr_line' id='line_1_29' title="bbox 293 3473 1443 3562; baseline 0.004 -26"><span class='ocrx_word' id='word_1_223' title='bbox 293 3473 393 3537; x_wconf 79' lang='lat' dir='ltr'><strong>tione.</strong></span> <span class='ocrx_word' id='word_1_224' title='bbox 416 3493 453 3537; x_wconf 90' lang='lat' dir='ltr'><strong>en</strong></span> <span class='ocrx_word' id='word_1_225' title='bbox 489 3475 583 3539; x_wconf 76' lang='lat'><strong>1724.</strong></span> <span class='ocrx_word' id='word_1_226' title='bbox 617 3495 697 3558; x_wconf 92' lang='lat' dir='ltr'><strong>pour</strong></span> <span class='ocrx_word' id='word_1_227' title='bbox 728 3476 773 3540; x_wconf 88' lang='lat' dir='ltr'><strong>La</strong></span> <span class='ocrx_word' id='word_1_228' title='bbox 805 3476 959 3542; x_wconf 88' lang='lat' dir='ltr'><strong>Nouvelle</strong></span> <span class='ocrx_word' id='word_1_229' title='bbox 998 3478 1138 3557; x_wconf 84' lang='lat' dir='ltr'><strong>e‘dition‘,</strong></span> <span class='ocrx_word' id='word_1_230' title='bbox 1171 3479 1254 3543; x_wconf 90' lang='lat' dir='ltr'><strong>unde</strong></span> <span class='ocrx_word' id='word_1_231' title='bbox 1279 3478 1443 3562; x_wconf 84' lang='lat' dir='ltr'><strong>colligitur</strong></span> 
     </span>
     <span class='ocr_line' id='line_1_30' title="bbox 293 3578 1441 3670; baseline 0.009 -28"><span class='ocrx_word' id='word_1_232' title='bbox 293 3578 457 3645; x_wconf 88' lang='lat' dir='ltr'><strong>Maurinos</strong></span> <span class='ocrx_word' id='word_1_233' title='bbox 486 3580 569 3645; x_wconf 91' lang='lat' dir='ltr'><strong>hunc</strong></span> <span class='ocrx_word' id='word_1_234' title='bbox 599 3582 740 3647; x_wconf 89' lang='lat' dir='ltr'><strong>codicem</strong></span> <span class='ocrx_word' id='word_1_235' title='bbox 768 3583 808 3647; x_wconf 88' lang='lat' dir='ltr'><strong>ad</strong></span> <span class='ocrx_word' id='word_1_236' title='bbox 836 3586 966 3649; x_wconf 86' lang='lat' dir='ltr'><strong>alteram</strong></span> <span class='ocrx_word' id='word_1_237' title='bbox 989 3585 1150 3650; x_wconf 87' lang='lat' dir='ltr'><strong>Ambrosii</strong></span> <span class='ocrx_word' id='word_1_238' title='bbox 1174 3607 1305 3670; x_wconf 90' lang='lat' dir='ltr'><strong>operum</strong></span> <span class='ocrx_word' id='word_1_239' title='bbox 1329 3586 1441 3652; x_wconf 89' lang='lat' dir='ltr'><strong>editio·</strong></span> 
     </span>
     <span class='ocr_line' id='line_1_31' title="bbox 295 3689 1441 3777; baseline 0.008 -29"><span class='ocrx_word' id='word_1_240' title='bbox 295 3706 368 3750; x_wconf 90' lang='lat' dir='ltr'><strong>nem</strong></span> <span class='ocrx_word' id='word_1_241' title='bbox 399 3689 568 3768; x_wconf 87' lang='lat' dir='ltr'><strong>parandam</strong></span> <span class='ocrx_word' id='word_1_242' title='bbox 603 3691 787 3757; x_wconf 89' lang='lat' dir='ltr'><strong>contulisse.</strong></span> <span class='ocrx_word' id='word_1_243' title='bbox 822 3696 981 3756; x_wconf 89' lang='lat' dir='ltr'><strong>correctus</strong></span> <span class='ocrx_word' id='word_1_244' title='bbox 1015 3696 1065 3757; x_wconf 91' lang='lat' dir='ltr'><strong>est</strong></span> <span class='ocrx_word' id='word_1_245' title='bbox 1096 3694 1149 3757; x_wconf 89' lang='lat' dir='ltr'><strong>hic</strong></span> <span class='ocrx_word' id='word_1_246' title='bbox 1178 3693 1275 3758; x_wconf 89' lang='lat' dir='ltr'><strong>codex</strong></span> <span class='ocrx_word' id='word_1_247' title='bbox 1301 3693 1441 3777; x_wconf 86' lang='lat' dir='ltr'><strong>primum</strong></span> 
     </span>
     <span class='ocr_line' id='line_1_32' title="bbox 206 3794 1441 3882; baseline 0.008 -28"><span class='ocrx_word' id='word_1_248' title='bbox 206 3862 211 3868; x_wconf 51' lang='grc'>,</span> <span class='ocrx_word' id='word_1_249' title='bbox 294 3812 391 3856; x_wconf 90' lang='lat' dir='ltr'><strong>manu</strong></span> <span class='ocrx_word' id='word_1_250' title='bbox 416 3794 557 3859; x_wconf 88' lang='lat' dir='ltr'><strong>eiusdem</strong></span> <span class='ocrx_word' id='word_1_251' title='bbox 580 3796 644 3861; x_wconf 86' lang='lat' dir='ltr'><strong>fere</strong></span> <span class='ocrx_word' id='word_1_252' title='bbox 668 3798 791 3877; x_wconf 88' lang='lat' dir='ltr'><strong>aetatis,</strong></span> <span class='ocrx_word' id='word_1_253' title='bbox 813 3819 893 3881; x_wconf 85' lang='lat' dir='ltr'><strong>quae</strong></span> <span class='ocrx_word' id='word_1_254' title='bbox 912 3800 1030 3882; x_wconf 90' lang='lat' dir='ltr'><strong>pallido</strong></span> <span class='ocrx_word' id='word_1_255' title='bbox 1049 3820 1108 3865; x_wconf 90' lang='lat' dir='ltr'><strong>usa</strong></span> <span class='ocrx_word' id='word_1_256' title='bbox 1127 3804 1301 3865; x_wconf 90' lang='lat' dir='ltr'><strong>atramento</strong></span> <span class='ocrx_word' id='word_1_257' title='bbox 1322 3820 1441 3866; x_wconf 88' lang='lat' dir='ltr'><strong>errores</strong></span> 
     </span>
     <span class='ocr_line' id='line_1_33' title="bbox 295 3899 1441 3990; baseline 0.011 -30"><span class='ocrx_word' id='word_1_258' title='bbox 295 3917 315 3960; x_wconf 87' lang='lat' dir='ltr'><strong>a</strong></span> <span class='ocrx_word' id='word_1_259' title='bbox 336 3899 464 3965; x_wconf 89' lang='lat' dir='ltr'><strong>librario</strong></span> <span class='ocrx_word' id='word_1_260' title='bbox 488 3902 519 3967; x_wconf 91' lang='lat' dir='ltr'><strong>in</strong></span> <span class='ocrx_word' id='word_1_261' title='bbox 544 3903 747 3968; x_wconf 88' lang='lat' dir='ltr'><strong>describendo</strong></span> <span class='ocrx_word' id='word_1_262' title='bbox 772 3906 962 3971; x_wconf 91' lang='lat' dir='ltr'><strong>commissos</strong></span> <span class='ocrx_word' id='word_1_263' title='bbox 981 3908 1114 3971; x_wconf 90' lang='lat' dir='ltr'><strong>correxit</strong></span> <span class='ocrx_word' id='word_1_264' title='bbox 1132 3909 1299 3972; x_wconf 89' lang='lat' dir='ltr'><strong>maximam</strong></span> <span class='ocrx_word' id='word_1_265' title='bbox 1318 3912 1441 3990; x_wconf 85' lang='lat' dir='ltr'><strong>partem</strong></span> 
     </span>
     <span class='ocr_line' id='line_1_34' title="bbox 294 4007 1441 4097; baseline 0.011 -29"><span class='ocrx_word' id='word_1_266' title='bbox 294 4007 443 4084; x_wconf 88' lang='lat' dir='ltr'><strong>leuiores,</strong></span> <span class='ocrx_word' id='word_1_267' title='bbox 469 4010 524 4073; x_wconf 91' lang='lat' dir='ltr'><strong>sed</strong></span> <span class='ocrx_word' id='word_1_268' title='bbox 548 4010 706 4076; x_wconf 91' lang='lat' dir='ltr'><strong>interdum</strong></span> <span class='ocrx_word' id='word_1_269' title='bbox 730 4012 826 4076; x_wconf 88' lang='lat' dir='ltr'><strong>etiam</strong></span> <span class='ocrx_word' id='word_1_270' title='bbox 851 4014 1023 4097; x_wconf 89' lang='lat' dir='ltr'><strong>grauiores,</strong></span> <span class='ocrx_word' id='word_1_271' title='bbox 1047 4014 1093 4077; x_wconf 90' lang='lat' dir='ltr'><strong>ita</strong></span> <span class='ocrx_word' id='word_1_272' title='bbox 1116 4018 1221 4079; x_wconf 90' lang='lat' dir='ltr'><strong>tamen</strong></span> <span class='ocrx_word' id='word_1_273' title='bbox 1245 4018 1282 4079; x_wconf 93' lang='lat' dir='ltr'><strong>ut</strong></span> <span class='ocrx_word' id='word_1_274' title='bbox 1303 4016 1441 4081; x_wconf 90' lang='lat' dir='ltr'><strong>radendo</strong></span> 
     </span>
    </p>
   </div>
   <div class='ocr_carea' id='block_1_5' title="bbox 294 4128 1445 4385">
    <p class='ocr_par' dir='ltr' id='par_1_5' title="bbox 294 4128 1445 4385">
     <span class='ocr_line' id='line_1_35' title="bbox 342 4128 1442 4207; baseline 0.01 -26"><span class='ocrx_word' id='word_1_275' title='bbox 342 4128 362 4195; x_wconf 85' lang='lat'><strong>1)</strong></span> <span class='ocrx_word' id='word_1_276' title='bbox 382 4130 411 4183; x_wconf 88' lang='lat' dir='ltr'><strong>in</strong></span> <span class='ocrx_word' id='word_1_277' title='bbox 430 4130 448 4184; x_wconf 87' lang='lat' dir='ltr'><strong>f.</strong></span> <span class='ocrx_word' id='word_1_278' title='bbox 471 4132 535 4186; x_wconf 69' lang='grc' dir='ltr'><strong>135ιι</strong></span> <span class='ocrx_word' id='word_1_279' title='bbox 549 4136 576 4185; x_wconf 90' lang='grc'><strong>11</strong></span> <span class='ocrx_word' id='word_1_280' title='bbox 601 4133 662 4188; x_wconf 71' lang='lat'><strong>136¹</strong></span> <span class='ocrx_word' id='word_1_281' title='bbox 678 4151 759 4187; x_wconf 86' lang='lat' dir='ltr'><strong>manu</strong></span> <span class='ocrx_word' id='word_1_282' title='bbox 784 4136 885 4189; x_wconf 88' lang='lat' dir='ltr'><strong>saeculi</strong></span> <span class='ocrx_word' id='word_1_283' title='bbox 907 4136 1042 4190; x_wconf 85' lang='lat' dir='ltr'><strong>inferioris</strong></span> <span class='ocrx_word' id='word_1_284' title='bbox 1066 4137 1203 4207; x_wconf 82' lang='lat' dir='ltr'><strong>adscripta</strong></span> <span class='ocrx_word' id='word_1_285' title='bbox 1226 4140 1289 4191; x_wconf 87' lang='lat' dir='ltr'><strong>sunt</strong></span> <span class='ocrx_word' id='word_1_286' title='bbox 1308 4138 1442 4207; x_wconf 83' lang='lat' dir='ltr'><strong>quaedam</strong></span> 
     </span>
     <span class='ocr_line' id='line_1_36' title="bbox 295 4221 1445 4296; baseline 0.01 -26"><span class='ocrx_word' id='word_1_287' title='bbox 295 4234 387 4272; x_wconf 87' lang='lat' dir='ltr'><strong>sacrae</strong></span> <span class='ocrx_word' id='word_1_288' title='bbox 407 4221 555 4291; x_wconf 84' lang='lat' dir='ltr'><strong>scripturae</strong></span> <span class='ocrx_word' id='word_1_289' title='bbox 573 4221 733 4291; x_wconf 86' lang='lat' dir='ltr'><strong>fragmenta.</strong></span> <span class='ocrx_word' id='word_1_290' title='bbox 752 4223 1046 4295; x_wconf 84' lang='lat' dir='ltr'><strong>Audomaropolitanus</strong></span> <span class='ocrx_word' id='word_1_291' title='bbox 1065 4227 1123 4281; x_wconf 87' lang='lat' dir='ltr'><strong>sine</strong></span> <span class='ocrx_word' id='word_1_292' title='bbox 1143 4227 1225 4280; x_wconf 91' lang='lat' dir='ltr'><strong>dubio</strong></span> <span class='ocrx_word' id='word_1_293' title='bbox 1244 4227 1383 4296; x_wconf 86' lang='lat' dir='ltr'><strong>antiquior</strong></span> <span class='ocrx_word' id='word_1_294' title='bbox 1402 4230 1445 4281; x_wconf 89' lang='lat' dir='ltr'><strong>est</strong></span> 
     </span>
     <span class='ocr_line' id='line_1_37' title="bbox 294 4307 1058 4385; baseline 0.013 -26"><span class='ocrx_word' id='word_1_295' title='bbox 294 4307 443 4375; x_wconf 88' lang='lat' dir='ltr'><strong>Parisiaco,</strong></span> <span class='ocrx_word' id='word_1_296' title='bbox 463 4313 559 4379; x_wconf 89' lang='lat' dir='ltr'><strong>utpote</strong></span> <span class='ocrx_word' id='word_1_297' title='bbox 577 4313 685 4367; x_wconf 86' lang='lat' dir='ltr'><strong>saeculo</strong></span> <span class='ocrx_word' id='word_1_298' title='bbox 705 4313 786 4366; x_wconf 88' lang='lat' dir='ltr'>VIIII</span> <span class='ocrx_word' id='word_1_299' title='bbox 804 4315 916 4369; x_wconf 88' lang='lat' dir='ltr'><strong>ineunte</strong></span> <span class='ocrx_word' id='word_1_300' title='bbox 935 4315 1058 4385; x_wconf 88' lang='lat' dir='ltr'><strong>scriptus.</strong></span> 
     </span>
    </p>
   </div>
   <div class='ocr_carea' id='block_1_6' title="bbox 0 0 1600 5017">
    <p class='ocr_par' dir='ltr' id='par_1_6' title="bbox 0 0 1600 5017">
     <span class='ocr_line' id='line_1_38' title="bbox 0 0 1600 5017; baseline 0 0"><span class='ocrx_word' id='word_1_301' title='bbox 0 0 1600 5017; x_wconf 95' lang='lat' dir='ltr'><strong> </strong></span> 
     </span>
    </p>
   </div>
  </div>
 </body>
</html>
