3175 5017
235 445 275 509 Vl
693 442 912 497 Praefatio.

234 638 327 703 deest
350 640 438 703 color
461 638 515 703 ille
539 640 799 719 atque-ornatus,
825 636 941 719 quibus
968 636 1000 700 in
1030 637 1227 702 sermonibus
1250 638 1382 703 Ambro-

233 744 300 810 sius
329 745 378 809 uti
403 746 495 823 solet,
520 744 577 809 sed
599 744 631 825 id
657 744 766 809 eodem
794 744 863 809 iure
891 741 1078 827 argumento
1100 744 1174 809 libri
1197 744 1237 809 ad
1260 746 1383 811 animos

233 851 479 916 commonendos
509 851 676 933 aptissimo
705 850 852 934 explicari
878 853 995 932 potest.
1023 854 1129 915 tamen
1151 851 1231 915 mihi
1254 852 1382 935 quidem

235 959 267 1021 61
289 956 340 1021 hic
373 958 503 1023 libellus
537 958 576 1021 ad
608 958 740 1021 eandem
773 956 936 1040 originem,
961 975 1056 1038 quam
1084 957 1180 1021 ceteri
1204 957 1241 1021 de
1265 958 1383 1040 quibus

216 1063 328 1149 ,modo
358 1063 594 1147 disputauimus
622 1064 695 1128 libri
725 1065 916 1141 habuerunt,
940 1064 1122 1128 referendus
1151 1083 1221 1129 esse
1244 1064 1383 1130 uidetur.

234 1175 342 1233 contra
375 1170 406 1234 in
440 1173 508 1235 toto
541 1171 622 1237 libro
656 1170 694 1235 de
729 1170 874 1254 paradiso
906 1173 972 1235 tam
1010 1170 1134 1235 aridum
1166 1190 1202 1235 ac
1241 1171 1383 1235 ieiunum

234 1276 360 1341 dicendi
385 1295 486 1361 genus
511 1281 570 1355 est,
594 1281 631 1343 ut
653 1279 707 1342 uir
731 1278 880 1343 credibile
905 1278 949 1342 sit
971 1296 1044 1342 eum
1069 1298 1105 1341 61
1128 1279 1326 1343 sermonibus
1350 1278 1383 1342 in

234 1403 333 1447 unum
365 1402 479 1467 corpus
509 1385 698 1451 consociatis
726 1389 837 1450 natum
865 1404 945 1451 esse.
974 1384 1054 1449 adde
1079 1384 1162 1467 quod
1186 1385 1285 1450 totins
1308 1380 1384 1450 libri

235 1488 404 1555 consilium
432 1491 463 1554 in
492 1492 723 1556 haereticorum
750 1492 858 1574 prauis
886 1491 1089 1575 opinionibus
1116 1491 1291 1556 refutandis
1314 1510 1386 1557 uer-

236 1600 334 1673 satur,
361 1617 424 1679 qua
447 1598 485 1662 de
508 1617 541 1662 16
566 1601 678 1682 postea
701 1618 904 1682 exponemus.

791 1913 833 1977 ll.

282 2209 351 2273 Hac
385 2209 570 2291 quaestione
603 2209 750 2273 absoluta
783 2208 822 2273 de
854 2210 1063 2292 temporibus,
1088 2211 1204 2293 quibus
1230 2212 1304 2276 libri
1332 2213 1388 2294 qui

238 2316 300 2380 hoc
332 2316 495 2383 uolumine
528 2315 729 2380 continentur
761 2315 931 2397 compositi
967 2319 1051 2394 sunt,
1086 2316 1259 2408 disputatio
1293 2319 1387 2384 insti-

238 2422 358 2487 tuenda
392 2422 567 2487 ostentus
600 2422 645 2487 161
678 2423 885 2487 fundamenta
916 2410 1059 2489 iecerunt
1081 2426 1218 2489 Maurini
1240 2427 1272 2490 in
1299 2446 1388 2510 prae·

238 2528 411 2593 sationibus
441 2529 576 2613 singulis
603 2529 693 2594 libris
722 2528 916 2612 praemissis,
939 2532 1128 2596 retractauit
1150 2551 1230 2614 quae
1254 2534 1292 2597 ab
1321 2534 1388 2599 illis

241 2636 383 2718 exposita
412 2637 486 2699 sunt
514 2638 547 2699 et
574 2635 736 2719 suppleuit
764 2636 808 2700 M.
833 2636 904 2699 lhm
934 2635 1026 2702 Stud.
1053 2638 1162 2704 Ambr.
1194 2659 1225 2721 p.
1252 2640 1292 2703 13
1317 2660 1387 2723 sqq.

241 2747 336 2824 atque
372 2743 591 2807 Exameron
630 2762 664 2807 so
700 2743 763 2806 iam
807 2761 941 2807 senem
983 2745 1210 2828 conscripsisse
1251 2749 1389 2812 testatur
1460 2830 1465 2839 ·

240 2849 429 2915 Ambrosius
451 2850 525 2928 127,
547 2849 702 2932 116666
726 2851 860 2914 uerbum
883 2869 945 2915 non
968 2851 1062 2915 ualde
1085 2852 1293 2935 premendum
1318 2874 1388 2918 esse

241 2956 380 3038 adparet,
405 2975 478 3021 eum
502 2975 593 3021 senes
618 2956 744 3039 saepius
768 2956 830 3020 uiri
858 2957 1088 3043 quinquaginta
1113 2958 1179 3024 1616
1202 2979 1299 3025 annos
1322 2961 1390 3024 nati

242 3062 397 3129 dicantur.
427 3063 506 3127 addo
535 3064 619 3145 quod
647 3063 707 3128 boc
734 3062 805 3128 loco
828 3064 920 3146 pueri
942 3065 1072 3129 senibus
1096 3070 1308 3149 opponuntur.
1332 3066 1389 3131 sed

242 3188 315 3233 oum
339 3190 419 3235 anno
443 3171 507 3235 fere
533 3170 772 3236 CCCLXXXVI
794 3171 833 3235 ab
857 3170 1024 3236 Ambrosio
1054 3191 1128 3236 eum
1154 3192 1275 3237 morem
1298 3174 1390 3237 insti·

241 3280 351 3342 tutum
380 3296 450 3341 6666
480 3279 604 3342 constet
606 3275 652 3363 ,¹)
679 3280 717 3341 t
740 3277 850 3359 hymnr
874 3297 892 3342 6
914 3278 1064 3361 populo
1055 3299 1088 3343 m
1116 3279 1261 3344 ecclesiis
1285 3284 1391 3345 canta-

243 3387 360 3461 rentur,
394 3386 488 3466 atque
522 3384 590 3447 eius
624 3388 696 3448 cant
697 3404 735 3449 us
767 3404 830 3449 non
863 3386 967 3451 solum
997 3386 1120 3451 duobus
1143 3386 1288 3451 Erameri
1309 3387 1390 3452 locis

182 3484 184 3491 ’
243 3489 1392 3577 1661116116(61,166175,7),66116116111201,1411111516611

244 3597 392 3681 hymnus,
420 3597 475 3681 qui
502 3596 615 3679 incipit
639 3616 657 3661 a
680 3598 786 3662 uerbis
811 3600 945 3664 ‘aeterne
972 3618 1078 3664 rerum
1106 3599 1269 3679 conditor',
1292 3601 1392 3684 respi-

245 3702 394 3789 ciatu1·,¹)
411 3707 532 3769 certum
547 3707 597 3769 661
611 3705 694 3770 bunc
708 3705 827 3770 librum
845 3710 921 3788 post
938 3726 1053 3771 annum
1068 3706 1161 3771 illum
1175 3708 1392 3791 conscriptum

247 3830 326 3876 6666.
356 3811 467 3876 deinde
496 3812 647 3876 obseruas
676 3830 793 3893 quaeso
821 3810 869 3876 lll
899 3813 929 3892 1,
956 3814 976 3877 3
1004 3813 1211 3895 tranquillum
1238 3814 1391 3878 ecclesiae

246 3923 365 3983 statum
383 3918 529 4001 describi,
545 3938 624 4001 quae
640 3918 756 3984 cotidie
775 3918 942 3985 haereticis
962 3923 995 3985 et
1013 3920 1162 4004 gentibus
1180 3903 1393 3985 adfluentibus

247 4044 385 4090 erescere
414 4028 446 4090 et
473 4026 582 4110 augeri
611 4026 744 4092 dicatur.
774 4026 890 4108 quibus
917 4028 1012 4092 rebus
1040 4028 1186 4093 omnibus
1214 4046 1250 4092 66
1279 4027 1393 4112 perdu-

294 4268 314 4339 ¹)
333 4268 366 4325 of.
385 4268 490 4339 Ihmp.
510 4270 592 4325 35et
610 4271 653 4325 59.

293 4356 347 4426 1)6
335 4358 367 4412 61
387 4358 472 4413 Ebert
489 4358 561 4428 Allg
582 4358 678 4413 Gesch.
699 4359 745 4413 (161
763 4360 831 4414 litt.
849 4358 897 4414 des
915 4359 1015 4415 Mitt.
1007 4376 1045 4413 rm
1063 4359 1179 4426 Abendl.
1197 4356 1224 4413 1²
1244 4360 1303 4414 153.
