3175 5017
297 428 428 492 LXXVI
759 422 980 477 Praefatio.

340 620 478 685 Maurini
509 623 633 701 praeter
664 616 862 683 Parisiacum
898 620 982 681 1913
1014 618 1201 682 Remensem
1239 618 1448 701 Bigotienum

296 746 412 792 nouem
432 727 644 791 adhibuerunt
664 724 800 802 codices,
821 744 900 806 quos
920 726 1032 807 utpote
1050 725 1241 789 recentiores
1259 744 1323 790 non
1341 726 1446 808 magis

297 834 406 898 curaui
435 853 530 915 quam
558 832 657 897 libros
686 850 705 895 a
733 831 906 895 Ballerinio
932 832 1137 895 examinatos.
1169 831 1325 915 Aegiensi
1349 832 1448 897 CLVI

295 940 327 1003 in
350 940 446 1004 huius
470 939 573 1004 libelli
597 941 628 1003 31
653 937 801 1020 opusculi
820 937 959 1001 debono
979 938 1092 1001 mortis
1111 936 1248 1001 editione
1267 938 1448 1003 adornanda

295 1046 471 1111 Amerbach
496 1065 575 1109 usus
601 1064 672 1109 esse
695 1044 833 1109 uidetur.

129 1171 289 1207 coronemur·
344 1154 379 1217 ln
402 1152 511 1216 libello
546 1152 590 1216 de
623 1152 724 1216 bono
758 1150 902 1217 mortis
936 1149 1130 1215 emendando
1163 1153 1286 1231 praeter
1318 1151 1446 1217 3311333

295 1259 389 1323 modo
418 1261 681 1322 commemoratos
712 1260 864 1339 quattuor
890 1256 969 1319 mihi
998 1255 1037 1321 ed
1060 1275 1173 1319 manus
1196 1256 1335 1333 fuerunt,
1359 1257 1447 1321 Ein-

298 1363 496 1431 sidlensis
524 1366 585 1428 136
607 1362 671 1449 (Ε)
691 1383 786 1446 supra
804 1384 834 1446 p.
854 1363 991 1427 LXXIII
1009 1382 1028 1425 3
1049 1362 1141 1428 nobis
1165 1362 1355 1445 descriptio,
1381 1362 1446 1429 Oa·

297 1470 544 1535 menacensis
588 1470 663 1546 261,
706 1468 763 1547 (Ο),
806 1470 923 1533 formae
971 1469 1135 1552 oblongae,
1177 1469 1326 1533 foliorum
1371 1471 1445 1548 113,

297 1576 418 1643 3333311
440 1575 479 1654 Χ,
503 1576 588 1640 binis
618 1576 775 1641 columnis
805 1576 954 1657 scriptus,
979 1596 1041 1657 quo
1069 1581 1193 1659 praeter
1217 1577 1295 1640 31133
1319 1576 1446 1659 scripti-

298 1703 372 1749 ones
403 1682 456 1768 (cf.
488 1682 556 1747 Cat.
591 1682 646 1747 des
680 1682 749 1765 dep.
783 1703 813 1747 n.
843 1702 868 1749 s.
898 1683 989 1747 XVII
1016 1686 1056 1747 61
1088 1681 1149 1767 sq.)
1181 1683 1263 1747 liber
1295 1683 1333 1747 de
1361 1683 1446 1748 bono

296 1789 407 1853 mortis
432 1789 454 1853 f.
480 1790 615 1853 {il-19¹¹
639 1790 828 1864 continetur,
841 1788 867 1870 1)
890 1789 1114 1872 Augiensis
1139 1789 1336 1862 CCXXXVI,
1360 1810 1446 1855 3333

298 1896 548 1961 (13331133333313
573 1892 674 1979 (blm),
699 1895 818 1959 formae
847 1896 1075 1977 3333333333,
1099 1896 1247 1960 foliorum
1279 1899 1353 1975 148,
1379 1916 1446 1961 333·

298 2002 361 2067 3311
375 2004 404 2067 X
418 2039 462 2047 —
476 2002 553 2065 folio
572 2001 674 2084 primo
694 2021 796 2067 uacuo
815 2002 926 2067 relicto
948 2002 1092 2085 sequitur
1110 2006 1233 2066 2-32“
1252 2004 1446 2085 opusculum

298 2110 334 2173 (13
367 2110 449 2173 1333
483 2108 606 2185 mortio,
632 2128 725 2190 quem
759 2109 920 2192 excipiunt
941 2108 1116 2193 Augustini
1147 2111 1228 2174 liber
1255 2111 1446 2174 (131131333-

295 2216 420 2280 13111313
454 2215 576 2279 331333
611 2219 643 2279 31
677 2215 884 2298 3311133332)
907 2216 1121 2298 -,·(1331333
1150 2217 1258 2281 liber
1281 2237 1306 2281 s.
1333 2217 1446 2282 Galli

299 2324 360 2386 167
385 2320 451 2407 (G),
476 2322 596 2385 formae
621 2324 849 2405 quarternum,
873 2324 1061 2406 paginarum
1081 2325 1155 2405 320,
1176 2324 1297 2388 saeculi
1311 2324 1351 2390 X.
1371 2344 1444 2387 con-

297 2432 362 2493 3131
385 2430 411 2493 is
437 2449 452 2493 e
473 2429 597 2493 duobus
623 2430 785 2494 codicibus
805 2430 869 2493 iem
889 2430 1065 2511 antiquitis
1084 2430 1116 2493 in
1136 2449 1234 2493 unum
1254 2430 1443 2496 3331333113.
1494 2502 1497 2507 ,
1585 2419 1586 2458 ³

296 2555 332 2599 ac
361 2536 399 2599 de
426 2536 528 2617 priore
558 2539 656 2617 parte,
687 2555 766 2617 3333
796 2536 927 2619 paginas
953 2537 1082 2600 1-366
1113 2538 1345 2619 complectitur,
1368 2537 1444 2601 uide

297 2662 377 2725 3333
402 2642 440 2707 G.
470 2643 601 2707 Scherer
635 2642 702 2707 Cat.
731 2642 802 2708 libr.
834 2643 921 2726 bybl.
949 2646 1085 2708 monast.
1111 2663 1135 2707 s.
1163 2643 1302 2725 (131113.
1328 2644 1369 2707 66
1395 2664 1445 2707 er-

295 2750 418 2831 posuit;
446 2749 478 2812 in
508 2750 607 2813 altera
633 2752 721 2831 parte
748 2750 869 2833 legitur
895 2750 1024 2813 libellus
1049 2750 1192 2814 (131333
1216 2751 1327 2815 mortis
1351 2750 1443 2814 initio

295 2858 475 2930 truncatum
499 2854 614 2937 incipit
637 2856 719 2919 enim
744 2876 761 2919 3
784 2856 891 2920 uerbis
918 2857 1055 2935 727,13
1079 2853 1243 2944 ι[13111313
1266 2859 1334 2934 est',
1359 2856 1443 2919 unde

296 2962 494 3044 intellegitur
514 2962 593 3025 haec
616 2962 693 3026 folia
717 2963 836 3028 codicis
861 2964 1028 3027 cuiusdam
1050 2964 1201 3047 reliquias
1225 2984 1306 3029 esse.
1330 2968 1443 3047 postea

295 3069 479 3147 monachus,
505 3069 560 3151 qui
586 3069 682 3134 simul
705 3069 880 3153 bibliopegi
902 3090 1033 3135 munere
1056 3070 1185 3135 functus
1210 3090 1280 3136 esse
1304 3070 1442 3144 uidetur,

294 3175 326 3238 in
354 3196 385 3257 p.
415 3176 490 3253 366,
521 3194 600 3257 3333
628 3194 730 3239 33333
757 3176 868 3239 relicte
901 3179 978 3254 erat,
1008 3177 1086 3240 haec
1114 3175 1283 3259 adscripsit
1310 3178 1355 3240 ‘In
1385 3162 1443 3259 {pi

295 3283 421 3347 nomine
445 3283 557 3365 incipit
581 3302 683 3347 sermo
707 3282 792 3346 beati
817 3283 967 3347 ambrosii
995 3283 1135 3365 episcopi
1164 3282 1305 3347 debono
1329 3284 1442 3348 mortis

296 3393 328 3452 et
360 3389 398 3454 de
431 3390 517 3453 exitu
550 3390 647 3453 huius
680 3390 876 3453 miserrimae
909 3393 1003 3472 31333
1037 3391 1165 3454 caducis
1194 3391 1300 3455 ultae‘.
1326 3390 1444 3454 desinit

295 3500 450 3560 tractatus
481 3517 512 3579 p.
539 3498 602 3560 319
633 3496 665 3587 13
699 3496 805 3579 uerbis
839 3496 1014 3577 ‘plenitudo
1048 3496 1350 3582 diuinitatis'(753‚
1376 3496 1441 3582 16),

294 3604 416 3685 reliqua
448 3603 479 3666 in
513 3624 543 3685 p.
579 3605 642 3667 320
676 3602 794 3685 scripta
826 3603 925 3666 fuisse
959 3603 1117 3682 uidentur,
1147 3603 1202 3667 sed
1235 3622 1317 3667 nunc
1349 3604 1442 3684 plane

341 3795 360 3860 1)
382 3793 464 3847 codex
484 3794 588 3847 duabus
608 3794 726 3847 ciusdem
748 3795 848 3847 saeculi
866 3794 991 3847 manibus
1010 3795 1124 3863 scriptus
1144 3797 1193 3850 est.
1215 3794 1250 3848 ad
1273 3794 1391 3863 priorem
1410 3812 1442 3849 ca

295 3900 363 3951 quae
389 3882 488 3937 iudea
513 3883 591 3936 initio
619 3900 704 3951 usque
731 3883 766 3937 ad
791 3883 875 3935 uerba
899 3882 1009 3936 ‘fabulis
1034 3883 1131 3936 terrtti'
1159 3882 1231 3951 (732,
1257 3884 1286 3949 4)
1311 3884 1442 3952 leguntur

295 3970 436 4025 referende
458 3974 529 4033 sunt,
551 3972 585 4025 ad
609 3971 721 4025 alteram
746 3974 843 4025 cetera.
865 3974 946 4040 atque
969 3972 1020 4024 hoc
1039 3972 1119 4024 inodo
1139 3972 1167 4024 iu
1187 3972 1225 4024 cis
1245 3988 1352 4041 333333
1372 3989 1441 4041 3333

295 4062 444 4129 sequuntur
465 4078 560 4113 manus
584 4061 648 4113 illac
671 4062 788 4115 uariant.
812 4061 900 4114 ueluti
922 4060 985 4113 inde
1009 4078 1025 4113 3
1048 4060 1067 4114 f.
1087 4062 1121 4113 62
1141 4077 1200 4129 333.
1218 4062 1294 4113 13133
1314 4059 1441 4130 Cypriani

294 4151 427 4203 tractatus
448 4166 463 4203 3
481 4168 563 4203 manu
590 4151 674 4204 altere
701 4155 824 4204 exaratus
850 4154 899 4204 cst.
926 4151 997 4203 unde
1022 4154 1099 4219 patet
1122 4167 1154 4203 ea
1179 4167 1247 4219 quae
1266 4150 1295 4203 in
1314 4150 1441 4219 catalogo

295 4238 424 4293 adnotata
443 4243 507 4293 sunt
527 4239 685 4308 corrigenda
705 4256 771 4293 esse.

340 4327 360 4393 2)
382 4328 410 4380 13
429 4327 446 4383 f.
468 4330 483 4381 2
502 4328 616 4397 legitur:
638 4323 688 4383 ‘lib'
709 4329 787 4396 augia
807 4328 934 4384 maioris'.
