3175 5017
252 445 317 508 578
736 440 936 494 Ambrosii

162 632 250 716 5,19
296 637 456 701 Discessit
477 636 586 719 itaque
609 636 769 700 Abraham
791 635 865 700 inde
888 636 1008 700 habens
1033 655 1141 700 secum
1160 655 1399 708 uxoremsunm
1446 648 1496 702 321
1515 649 1540 700 A

253 743 372 822 Seram,
397 744 457 807 hoc
481 747 531 808 est
553 744 771 826 principalem,
800 762 861 806 non
890 744 1091 808 seruientem.
1124 743 1194 809 ideo
1225 747 1256 808 et
1283 744 1401 808 dicitur

251 851 313 915 illi:
338 850 432 914 audi
456 849 609 915 Sarram
633 869 794 914 uxorem
819 855 936 914 tuam.
958 869 1039 932 quae
1054 851 1136 914 enim
1154 851 1285 915 seruitio
1302 851 1401 914 delio-
1464 864 1486 916 B
1585 837 1586 858 ³

252 960 358 1022 torum
382 976 416 1022 se
436 957 540 1021 exsuit
557 957 770 1039 principatum
789 956 894 1034 habet,
914 977 974 1020 non
994 957 1193 1024 seruitutem.
1217 977 1305 1021 mens
1325 976 1402 1041 ergo

253 1065 389 1129 ualidior
411 1064 617 1147 principalem
640 1063 795 1128 uirtutem
820 1082 928 1127 secum
952 1064 1058 1142 habet,
1082 1063 1143 1129 hoc
1167 1068 1217 1128 est
1234 1065 1404 1148 inperitan-
1436 1090 1449 1127 5

253 1175 320 1236 tam
353 1171 493 1254 corporis
527 1171 683 1249 sensibus,
716 1190 777 1234 non
811 1170 1040 1246 oboedientem,
1074 1190 1154 1253 qnae
1187 1171 1225 1236 de
1257 1172 1403 1256 Aegypto

255 1298 361 1344 aecum
392 1278 496 1343 omnia
522 1277 643 1356 retulit,
672 1277 752 1340 nihil
777 1278 823 1341 ibi
851 1277 1088 1360 disciplinarum
1123 1298 1250 1343 suarum
1283 1280 1403 1357 amisit,

255 1406 316 1451 nou
340 1387 480 1450 colorata
502 1388 553 1449 est
574 1385 826 1467 intemperantia,
849 1385 1030 1461 insolentia,
1050 1386 1243 1470 flagitiorum
1262 1387 1405 1451 inmode-

255 1493 327 1569 stia,
355 1511 416 1556 non
445 1492 601 1574 expoliata
629 1495 679 1556 est
707 1491 826 1556 amictu
855 1492 984 1556 sedulae
1009 1492 1200 1571 sobrietatis,
1224 1513 1285 1558 non
1310 1496 1405 1558 exuta

188 1597 231 1659 20
255 1601 447 1665 uestimento
480 1599 621 1682 pudoris.
655 1602 742 1663 erat
774 1599 891 1662 diues
925 1598 1055 1676 ualde,
1089 1603 1200 1682 utpote
1234 1601 1285 1666 eui
1323 1600 1404 1666 nihil
1420 1611 1492 1666 roc
1585 1643 1586 1688 3

255 1708 410 1771 bonorum
443 1707 559 1784 deerat,
593 1707 647 1788 qui
679 1726 741 1770 non
773 1705 868 1770 alieni
897 1709 963 1771 erat
990 1707 1152 1789 adpetens,
1181 1709 1256 1790 quia
1282 1709 1405 1773 nullius
1585 1699 1586 1714 ¹

254 1813 429 1898 indigebat,
454 1813 538 1896 quod
562 1833 656 1877 suum
681 1812 744 1876 dici
767 1812 878 1878 uellet.
901 1812 962 1876 hoc
986 1815 1037 1877 est
1060 1813 1142 1877 enim
1167 1833 1236 1878 esse
1260 1815 1404 1889 diuitem,

256 1921 371 1986 habere
405 1921 489 2002 quod
523 1921 601 1985 satis
635 1919 796 1983 uoluntati
829 1919 885 1995 sit,
917 1939 1096 1984 mensuram
1126 1921 1209 1985 enim
1235 1922 1404 2006 frugalitas

257 2028 362 2104 habet,
391 2046 506 2090 census
534 2046 594 2091 non
623 2027 728 2104 habet,
759 2027 849 2091 cuius
878 2027 992 2092 modus
1015 2027 1047 2090 in
1072 2028 1200 2093 arbitrio
1225 2029 1405 2110 quaerentis

257 2137 317 2199 est.
346 2137 412 2198 erat
440 2138 546 2197 autem
575 2132 665 2197 diues
693 2133 872 2215 pecoribus,
901 2137 1031 2217 argento
1061 2138 1093 2198 et
1119 2151 1205 2201 auro.
1239 2136 1315 2219 quid
1343 2137 1406 2202 sibi
1427 2160 1452 2200 rs

258 2242 317 2305 boc
355 2242 447 2304 uult?
485 2259 545 2304 non
582 2241 661 2304 mihi
699 2241 848 2304 uidentur
884 2241 917 2305 in
949 2242 1075 2306 homine
1107 2242 1193 2308 iusto
1227 2245 1405 2309 saeculares

259 2346 389 2410 diuitiae
420 2346 553 2410 laudari.
586 2346 670 2410 unda
702 2347 734 2410 in
766 2348 934 2430 pecoribus
967 2350 1145 2431 corporales
1174 2369 1287 2415 seusus
1314 2352 1406 2416 iutel-

258 2453 341 2536 lego,
371 2452 446 2534 quia
473 2456 506 2516 et
532 2453 594 2535 ipsi
622 2453 859 2518 inrationabiles
888 2458 972 2531 sunt,
1000 2455 1031 2519 in
1059 2459 1188 2539 argento
1218 2477 1405 2535 sermonem,
1474 2471 1501 2523 D

257 2559 290 2622 in
323 2578 398 2623 auro
430 2563 579 2623 mentem.
613 2560 725 2624 merito
760 2561 849 2626 dines
884 2565 950 2626 erat
977 2562 1146 2641 Abraham,
1176 2564 1250 2645 quia
1276 2565 1407 2650 regebat

259 2685 373 2730 sensus
400 2666 648 2730 inrationabiles.
677 2667 813 2749 denique
842 2671 873 2732 et
901 2668 1024 2733 domuit
1052 2673 1084 2734 et
1110 2675 1293 2736 mansuetos
1317 2672 1405 2749 fecit,
1426 2697 1453 2736 20

260 2775 298 2836 nt
324 2771 434 2836 fierent
459 2773 673 2838 rationabiles,
702 2774 839 2838 habebat
866 2794 1043 2840 sermonem
1070 2776 1144 2841 fidei
1171 2779 1275 2842 colore
1303 2781 1408 2864 splen-

262 2879 381 2954 didum,
410 2885 581 2963 purgatum
610 2881 764 2962 spiritalis
793 2882 896 2965 gratia
928 2882 1122 2965 disciplinae,
1155 2886 1292 2950 habebat
1322 2907 1408 2952 men-

261 2989 327 3050 tem
354 2986 479 3068 plenam
502 2988 703 3069 ·prndentiae.
733 2990 765 3051 et
791 2988 863 3053 ideo
893 3008 968 3054 auro
997 2995 1185 3073 conparatur
1211 3013 1300 3058 mens
1325 2997 1408 3058 bona

261 3092 337 3174 quia
374 3093 459 3157 sieut
491 3113 602 3158 aurum
636 3094 749 3159 ceteris
782 3099 924 3176 praestat
956 3098 1095 3162 metallis
1127 3099 1172 3162 ita
1203 3120 1292 3164 mens
1324 3100 1407 3164 bona

260 3199 292 3263 in
315 3200 441 3264 homine
466 3201 580 3265 ceteris
603 3202 709 3285 potior
732 3206 781 3266 est
805 3204 961 3268 humanae
981 3205 1178 3270 substantiae
1197 3206 1406 3288 portionibus.
1427 3234 1455 3272 as

352 3407 454 3464 lGen.
475 3411 550 3473 13,l
607 3409 827 3475 3Gen.21,12
884 3412 917 3465 10
937 3410 1002 3465 Gen.
1025 3412 1103 3476 13,2
1162 3413 1194 3466 21
1215 3413 1314 3467 Psalm„
1333 3413 1406 3467 xl?

298 3549 425 3602 labram
448 3550 474 3603 T
534 3551 659 3604 ‘taxauit
676 3552 704 3604 P
722 3555 746 3617 (e
765 3556 848 3619 cras)
870 3554 944 3606 exuit
962 3559 1008 3606 cet.
1064 3555 1224 3609 6sensibus
1243 3556 1361 3624 corporis
1380 3555 1408 3608 B

298 3654 366 3706 quae
385 3639 457 3692 enim
476 3638 510 3692 de
528 3639 556 3691 B
610 3639 828 3709 Stamperantia
846 3642 872 3695 T
940 3642 1075 3696 modestia
1092 3643 1149 3696 TN
1200 3645 1335 3698 9amietu
1348 3644 1413 3699 DN

261 3727 389 3780 amictum
408 3733 457 3781 cet.
550 3729 584 3782 10
606 3729 697 3782 ualida
715 3729 743 3781 P
834 3731 864 3784 11
892 3731 938 3800 qui
962 3731 987 3783 T
1003 3737 1029 3785 ct
1048 3732 1069 3796 (i
1087 3732 1118 3785 ta
1136 3735 1204 3800 ras.)
1223 3733 1253 3786 D
1272 3750 1341 3803 quae
1360 3739 1407 3787 cet.

298 3816 362 3884 quia
383 3815 408 3868 T
426 3817 472 3886 qui
490 3817 521 3871 D
540 3818 582 3883 (in
600 3820 670 3883 rac.)
689 3816 722 3870 N
738 3835 806 3886 qnae
826 3824 872 3872 cet.
952 3821 985 3874 12
1003 3818 1146 3889 indigebat
1167 3821 1194 3887 (b
1213 3837 1246 3874 aa
1264 3822 1288 3892 r)
1305 3823 1333 3875 P
1350 3828 1410 3876 erat

261 3905 387 3975 indigens
405 3906 433 3958 B
514 3905 599 3959 uellet
618 3905 671 3959 dici
694 3907 720 3959 T
791 3909 824 3961 13
844 3908 942 3962 habere
962 3925 1012 3962 om.
1032 3909 1095 3962 DN
1164 3909 1236 3978 qnod
1257 3911 1324 3963 satis
1344 3911 1408 3976 (del.

260 3993 540 4063 m1)quodsatisP
600 3995 751 4058 uoluntatis
770 3996 798 4048 P
816 3998 951 4050 uoluntati
974 3998 1000 4051 T
1018 3997 1051 4064 (ri
1068 4015 1089 4051 s.
1108 4015 1135 4050 a.
1155 4002 1212 4064 md)
1271 3999 1409 4069 frugilitas

262 4082 290 4134 P
306 4087 333 4134 et
350 4086 429 4147 (corr.
449 4087 507 4149 m2)
530 4083 563 4136 T‘
580 4083 765 4152 fragilitasC
837 4086 1083 4156 lacrumarum
1102 4086 1166 4139 DN
1254 4088 1306 4142 sibi
1324 4089 1352 4142 P
1369 4089 1408 4154 (bi

261 4188 283 4224 s.
302 4175 342 4235 a.)
399 4172 432 4224 16
451 4172 831 4241 saecularesP(ealt.crei)
888 4175 920 4229 17
941 4175 1253 4246 corporalesPlcexi)
1283 4167 1342 4230 '18
1362 4179 1411 4246 qni

263 4259 290 4310 B
361 4259 569 4313 inrationabiles
587 4260 615 4312 P
631 4262 670 4330 (in
689 4278 710 4318 s.
730 4279 758 4316 a.
777 4263 836 4331 m2)
892 4264 924 4316 19
944 4263 1081 4316 abramT
1133 4265 1165 4316 21
1187 4264 1275 4318 calore
1290 4264 1413 4319 DNCM

262 4348 298 4400 22
317 4348 422 4416 gratiae
441 4349 469 4401 P
487 4354 512 4414 (e
532 4351 613 4415 cros.)
637 4350 663 4403 T
733 4349 878 4420 disciplina
901 4352 927 4405 T
978 4353 1012 4405 23
1030 4352 1091 4406 ideo
1111 4352 1144 4418 de
1164 4353 1190 4406 P
1209 4352 1253 4421 (de
1272 4369 1331 4422 exp.
1350 4357 1409 4420 m2)
