3175 5017
575 423 578 430 ¹
636 435 854 489 Praefatio.
1243 438 1321 501 ΧΙΠ

164 632 289 709 iniecit,
323 632 378 697 sed
410 652 477 697 rem
510 631 691 697 adfirmauit
717 631 932 714 Hieronymus
965 631 1056 713 epist.
1088 632 1142 708 84,
1173 632 1322 714 rqxxss

168 742 235 804 749
261 738 337 824 M),
363 757 425 822 quo
448 739 521 804 loco
545 739 623 804 haee
647 738 758 803 refert:
783 740 893 821 ‘nuper
915 738 1104 803 Ambrosius
1129 738 1175 803 sio
1199 739 1319 803 Herae·

166 866 278 913 meron
310 846 398 911 illius
432 845 605 930 (Origeuis)
638 845 835 927 compilauit,
859 848 897 909 ut
924 845 1028 928 magis
1055 845 1225 929 Hippolyti
1253 866 1322 910 sen-

168 954 288 1019 1111111
320 953 497 1037 Basiliique
531 955 735 1036 sequeretur.
771 952 888 1035 quibus
924 953 956 1017 in
988 953 1097 1018 uerbis
1135 954 1242 1018 nescio
1281 974 1319 1017 an

169 1061 371 1146 urguendum
397 1061 441 1127 sit
463 1062 596 1125 uerbum
620 1059 829 1143 ‘oompilauit’
851 1059 896 1123 ita
925 1063 962 1125 ut
989 1079 1049 1123 non
1075 1060 1154 1126 satis
1178 1060 1258 1125 bone
1282 1060 1321 1124 de

168 1170 230 1234 hoo
265 1188 357 1251 opere
379 1168 594 1251 Hieronymus
628 1168 863 1232 existimauisso
895 1166 1052 1231 uideatur.
1080 1169 1164 1231 sexte
1192 1168 1224 1231 in
1247 1168 1321 1231 libri

169 1277 209 1341 de
244 1276 321 1340 uiris
354 1276 534 1341 illustribus
559 1296 585 1341 o.
612 1276 760 1339 12311011
794 1274 900 1339 omnia
931 1274 993 1339 sibi
1016 1274 1178 1339 Ambrosii
1202 1274 1322 1355 scripta

84 1377 88 1381 ’
168 1384 296 1467 probari
329 1383 523 1468 significauit
555 1382 605 1447 his
638 1382 761 1447 uerbis:
794 1382 844 1447 ‘de
878 1401 939 1464 quo
972 1382 1191 1465 (Ambrosium
1219 1382 1320 1463 dicit),

169 1492 246 1573 quia
278 1493 432 1573 superest,
456 1509 564 1554 meum
595 1489 750 1553 iuditium
784 1489 1042 1567 subtrahamus
1070 1489 1103 1553 iu
1136 1490 1320 1553 alterutram

168 1601 294 1681 partem
317 1601 373 1663 aut
396 1598 538 1663 adulatio
566 1597 599 1660 in
627 1616 677 1661 mo
705 1596 954 1680 reprehendatur
978 1599 1033 1659 111
1056 1596 1196 1660 ueritas‘.
1220 1615 1322 1677 nequo

170 1706 281 1769 11111
305 1705 409 1789 specie
434 1703 581 1769 abhorret
604 1703 687 1786 quod
710 1703 844 1767 Rufinus
867 1703 960 1785 Apol.
984 1704 1017 1767 in
1040 1702 1126 1768 Hier.
1149 1704 1181 1767 11
1205 1705 1247 1767 22
1272 1723 1321 1785 sq.

170 1812 261 1894 (XXI
295 1813 355 1876 601
388 1810 454 1893 M.)
486 1811 593 1890 tradit,
627 1810 672 1875 eis
706 1829 785 1891 quae
817 1810 1031 1892 Hieronymus
1063 1810 1094 1873 in
1127 1810 1321 1892 praefatione

170 1920 209 1984 de
243 1918 383 1984 homiliis
415 1918 448 1982 iu
476 1919 594 1983 Luoam
628 1918 668 1981 ad
694 1918 827 1981 Paulam
857 1919 889 1981 et
914 1917 1125 1983 Eustochium
1159 1918 1322 1999 scripserit

170 2028 210 2091 de
244 2026 468 2091 commentario
502 2025 638 2108 quodam
676 2025 707 2089 in
741 2025 871 2101 Lucam,
904 2043 998 2107 quem
1035 2025 1108 2089 illae
1144 2025 1176 2089 in
1214 2026 1320 2089 uerbis

168 2133 289 2214 ludere,
312 2133 345 2197 in
379 2133 544 2197 sententiis
578 2132 746 2197 dormitare
779 2132 930 2210 dixerant,
957 2131 1118 2197 Ambrosii
1149 2134 1321 2196 tractatum

171 2240 210 2304 do
246 2240 410 2324 euangelio
444 2240 618 2305 seeundum
649 2240 769 2303 Lucam
802 2238 984 2321 significari.
1020 2258 1096 2303 num
1128 2258 1203 2303 uero
1236 2242 1321 2303 reete

171 2347 285 2411 dixerit
306 2347 519 2430 Hieronymus
543 2347 747 2412 Ambrosium
773 2346 919 2431 Origenis
942 2347 1168 2423 Hexaemeron,
1188 2348 1248 2411 hoo
1272 2350 1323 2411 est

172 2452 423 2533 Commentarios
447 2454 479 2517 in
504 2453 665 2531 Genesim,
689 2473 823 2536 quorum
847 2472 967 2536 paucae
991 2473 1073 2518 nuno
1096 2454 1249 2535 reliquiae
1272 2473 1322 2518 ex·

169 2558 284 2645 tant,¹)
313 2560 538 2641 compilauisse
571 2561 713 2643 proferto
747 2560 885 2625 dubitari
916 2564 1034 2643 potest.
1071 2561 1168 2625 immo
1197 2558 1321 2637 Basilii,

170 2668 264 2733 ouius
289 2666 463 2731 sententias
487 2669 614 2731 tantum
635 2686 708 2731 eum
727 2667 831 2750 magis
850 2661 998 2731 seout'um
1018 2686 1088 2731 esse
1107 2667 1320 2749 Hieronymus

169 2776 278 2854 refert,
312 2794 392 2858 opus
426 2773 578 2856 expilauit
608 2773 654 2839 111
686 2778 723 2839 11
753 2776 942 2857 plerumque
977 2774 1045 2838 eius
1078 2773 1319 2855 dispositionem

171 2885 369 2966 sequeretur,
402 2882 506 2945 multa
536 2879 639 2945 isdem
672 2880 736 2943 fere
768 2880 876 2943 uerbis
913 2879 1067 2959 redderet,
1100 2879 1194 2963 longe
1230 2880 1325 2961 plura

169 2989 290 3054 maiore
322 3008 401 3053 usus
435 2987 606 3053 uerborum
638 2987 760 3051 ambitu
794 2985 990 3070 exprimeret,
1025 2985 1159 3068 denique
1191 2987 1223 3049 in
1254 2986 1324 3049 uni·

170 3114 302 3159 uersum
320 3094 500 3179 interpretis
519 3093 626 3177 potins
646 3112 741 3175 quam
761 3094 926 3175 scriptoris
945 3112 1075 3158 munere
1094 3092 1323 3177 fungor-etune)

170 3220 247 3265 oum
269 3201 369 3285 igitur
390 3200 528 3264 maxima
551 3202 635 3265 oerte
659 3220 694 3265 ex
717 3203 807 3284 parte
831 3219 912 3282 quae
930 3200 990 3264 boo
1010 3219 1103 3282 opere
1123 3199 1323 3264 continentur

169 3307 211 3371 ad
239 3308 348 3389 ipsum
376 3306 533 3371 Basilium
562 3306 614 3369 uel
643 3306 733 3381 alios,
758 3306 796 3370 de
821 3306 938 3389 quibus
962 3325 1034 3371 mox
1058 3306 1175 3371 dioturi
1198 3325 1322 3383 sumus,

168 3432 321 3479 reuocare
339 3413 512 3495 possimus,
532 3413 595 3478 iam
613 3416 702 3496 patet
714 3412 922 3478 Ambrosium
941 3432 1002 3478 non
1021 3414 1123 3477 multa
1142 3432 1177 3477 ex
1193 3412 1323 3497 Origine

169 3521 351 3605 sumpsisse
367 3524 461 3603 atque
475 3520 706 3603 Hieronymum
721 3539 833 3603 parum
848 3520 1017 3604 diligenter
1030 3520 1084 3584 uel
1098 3519 1195 3583 etiam
1214 3520 1323 3602 inique

219 3748 239 3813 ¹)
264 3747 298 3802 of.
322 3747 449 3806 Hernaolx
472 3747 533 3801 ‘Die
558 3747 665 3810 Ueberl.¹
692 3747 747 3801 und
774 3746 822 3801 der
844 3746 919 3801 Best.
944 3746 992 3801 der
1010 3746 1106 3803 altohr.
1130 3746 1206 3801 Litt'
1230 3748 1244 3801 I
1268 3748 1321 3802 343

168 3842 199 3892 et
219 3838 294 3893 Patr.
315 3836 362 3892 Gr.
379 3836 485 3891 111145
503 3844 561 3907 sqq.
582 3837 657 3903 (M).
1053 3887 1055 3890 .

219 3926 241 3995 ²)
261 3926 295 3981 of.
314 3926 398 3980 libros
417 3926 467 3980 Th.
486 3926 624 3980 Foersteri
644 3926 812 3981 ‘Ambrosius
831 3926 946 3981 Bisohof
960 3944 1014 3981 ron
1033 3925 1162 3980 Msiland'
1182 3926 1244 3980 Hal.
1260 3925 1321 3982 Sex.

171 4015 250 4079 1881,
269 4030 296 4083 p.
319 4014 369 4068 117
389 4029 447 4083 sqq.
468 4016 496 4067 et
513 4014 535 4067 l.
554 4013 676 4067 Kellneri
694 4014 759 4069 ‘Der
776 4014 879 4084 heiliga
897 4014 1055 4069 Ambrosius
1074 4015 1113 4068 als
1128 4014 1255 4070 1111111111
1274 4012 1322 4067 des

169 4104 245 4157 alten
265 4103 462 4157 Tostameutes'
481 4102 650 4157 Ratisbonae
670 4102 747 4166 1893,
766 4119 794 4171 p.
813 4103 848 4155 79
867 4118 925 4171 sqq.
946 4119 1014 4171 quae
1038 4119 1068 4157 ex
1086 4102 1190 4156 Basilio
1214 4105 1321 4171 sumpta

169 4196 235 4247 sunt
258 4193 351 4247 omnia
374 4191 527 4261 signifioani
549 4190 658 4261 paginis
682 4190 811 4245 editionis
829 4191 990 4260 Migneanae
1013 4191 1141 4246 indicatis
1165 4193 1249 4257 (Patr.
1275 4190 1321 4249 Gr.

167 4282 300 4336 XXVIIII
327 4282 365 4348 3),
392 4280 439 4335 sed
465 4296 525 4334 1111
552 4296 584 4334 es
608 4280 773 4350 turpissimis
802 4297 945 4350 operarum
972 4280 1077 4334 mendis
1105 4281 1248 4349 inquinata
1275 4280 1320 4345 sit,

168 4372 301 4427 editionis
322 4370 379 4425 11.
399 4368 527 4424 Gamerio
547 4372 656 4424 curatae
676 4386 783 4439 quoque
802 4370 915 4439 paginas
933 4370 1080 4425 adnotatas
1102 4370 1196 4427 habes.
