3175 5017
232 444 265 507 Π
694 438 916 493 Praefatio.

233 656 306 701 cum
337 637 502 718 paulolnm
535 636 753 713 conticuisset,
786 636 903 700 iterum
937 655 1114 701 sermonem
1148 638 1281 703 adorsus
1314 639 1380 703 ait'.

232 744 315 807 unde
349 744 445 808 simul
483 743 646 826 colligitur
678 743 826 808 editionis
863 744 960 808 huius
998 745 1102 826 operis
1139 744 1380 809 fundamentum

232 851 333 916 fuisse
357 850 516 932 exemplar
539 869 557 913 a
579 849 714 927 notario,
738 850 792 932 qui
816 851 949 915 recitata
972 852 1090 916 cursim
1117 871 1173 935 per
1196 852 1382 937 compendia

233 957 406 1038 exceperat,
441 956 630 1021 confectum.
664 976 701 1020 ac
732 956 880 1034 fortasse,
914 976 987 1021 cum
1020 958 1072 1021 hic
1104 978 1174 1023 mos
1207 978 1244 1022 ea
1276 961 1380 1023 aetate

232 1062 376 1147 uiguisse
413 1062 568 1137 uideatur,
602 1063 682 1127 aliae
720 1083 845 1145 quoquo
877 1064 1038 1129 Ambrosii
1075 1065 1231 1129 orationes
1269 1066 1381 1130 eodem

232 1170 326 1235 modo
350 1170 467 1233 litteris
492 1170 696 1254 consignatae
721 1174 806 1235 sunt.
832 1171 1023 1236 describitur
1050 1174 1157 1235 autem
1181 1171 1380 1236 sermonibus

232 1278 303 1341 let
326 1277 357 1340 ll
382 1276 449 1341 dies
474 1276 643 1340 creationis
672 1277 781 1340 mundi
815 1278 948 1360 primus,
977 1278 1176 1341 sermonibus
1204 1278 1268 1343 llll
1297 1282 1329 1341 et
1351 1279 1381 1340 V

232 1384 355 1462 tertius,
385 1383 583 1448 sermonibus
613 1382 673 1446 Vll
702 1387 733 1447 et
761 1382 838 1447 VIII
867 1384 1008 1465 quintus,
1038 1384 1237 1449 sermonibus
1264 1385 1313 1448 III
1336 1384 1381 1449 VI

231 1489 325 1552 Vllll
348 1490 415 1553 dies
448 1490 528 1554 alter
552 1495 684 1572 quartus
714 1493 834 1555 sertus.
864 1509 958 1571 quam
983 1490 1022 1554 ob
1051 1509 1119 1554 rem
1143 1492 1341 1556 sermonibus
1365 1492 1381 1555 I

233 1599 265 1660 et
287 1597 329 1674 Il,
353 1597 416 1661 llll
440 1608 471 1661 et
494 1596 533 1674 V,
563 1596 623 1660 Vll
652 1600 684 1660 et
712 1596 789 1661 VIII
817 1596 900 1660 inter
928 1616 962 1661 se
992 1597 1169 1663 coniunctis
1198 1617 1252 1661 sex
1279 1598 1380 1663 totius

153 1740 157 1749 ,
233 1704 335 1785 operis
360 1704 518 1767 sectiones
542 1704 671 1768 effectae
695 1707 769 1767 sunt
791 1703 952 1767 indicibus
971 1704 1091 1768 talibus
1112 1705 1215 1786 qualis
1235 1708 1284 1769 est
1300 1706 1380 1769 ‘dies

232 1811 365 1893 primus‘
396 1810 582 1874 instructae.
616 1811 673 1874 has
707 1812 807 1895 igitur
844 1811 1000 1876 sectiones
1037 1810 1101 1875 iam
1134 1810 1342 1876 Cassiodorus
1354 1812 1380 1897 ¹)

232 1916 386 1980 librorum
410 1917 535 1981 nornine
560 1917 763 2000 significauit,
783 1918 814 1981 in
835 1917 998 1982 codicibus
1018 1922 1125 1981 autem
1149 1918 1380 1999 antiquioribus

233 2042 418 2105 semperqea
440 2041 534 2104 quam
560 2022 697 2087 diximus
721 2022 835 2086 indIcis
859 2024 960 2087 forma
986 2023 1115 2106 legitur,
1139 2023 1194 2086 illa
1218 2042 1295 2087 uero
1319 2042 1383 2104 qua

232 2130 306 2193 libri
329 2128 509 2193 indicantur
531 2129 564 2193 in
588 2129 750 2194 codicibus
775 2129 903 2193 demum
920 2130 1046 2194 saeculo
1066 2129 1232 2193 undecimo
1253 2129 1381 2212 scriptis

231 2237 397 2319 reperitur.
431 2256 502 2301 cum
535 2237 687 2300 Eramero
721 2236 858 2318 quodam
891 2237 984 2302 modo
1018 2236 1200 2319 conspirant
1231 2236 1304 2300 libri
1342 2236 1380 2299 de

233 2346 315 2407 bono
344 2344 530 2421 1111111111
559 2343 635 2426 iuga
663 2343 794 2421 saeculi,
819 2344 857 2407 de
885 2343 1033 2425 apologia
1060 2343 1176 2419 Dauid,
1204 2343 1235 2406 in
1265 2343 1380 2425 quibus

233 2453 317 2514 certe
348 2450 469 2515 ultimis
498 2450 571 2514 talis
602 2451 689 2532 quali
719 2468 880 2514 sermones
909 2449 1015 2513 claudi
1043 2449 1188 2514 solebant
1214 2448 1382 2532 doxologia

234 2560 328 2623 extat.
353 2557 432 2621 adde
457 2557 541 2639 quod
565 2557 596 2621 in
622 2557 775 2640 opusculo
801 2557 839 2621 de
861 2557 1116 2640 interpellatione
1139 2556 1196 2620 lob
1221 2559 1253 2620 et
1277 2556 1381 2620 Dauid

233 2668 265 2727 ct
289 2664 369 2726 alter
392 2666 425 2727 et
448 2667 579 2744 quartus
604 2662 745 2749 11111112)
769 2663 927 2727 eiusmodi
946 2662 1094 2727 sollemni
1112 2663 1291 2744 precatione
1310 2682 1382 2727 con·

233 2769 414 2833 cluduntur.
430 2768 461 2832 in
478 2769 591 2833 ceteris
607 2774 714 2833 antem
732 2789 812 2850 quos
827 2770 966 2852 primum
983 2773 1015 2833 et
1029 2770 1164 2833 alterum
1179 2769 1275 2833 buius
1291 2770 1381 2833 editi·

234 2878 301 2941 onis
321 2877 469 2941 uolumen
487 2876 709 2959 complectitur
722 2876 813 2941 libris
828 2876 916 2940 nullo
932 2875 1002 2939 loco
1023 2877 1239 2939 clausularum
1254 2876 1381 2940 illarum

232 2984 405 3065 uestigium
429 2984 573 3047 relictum
596 2986 654 3048 est.
675 3003 770 3064 quam
790 2983 830 3047 ob
849 3002 915 3046 rem
934 2982 974 3046 ad
992 2983 1071 3046 hanc
1091 2983 1310 3063 quaestionem
1332 3002 1382 3047 11-

232 3090 412 3174 plicandam
441 3090 513 3154 aliis
541 3090 631 3154 nobis
661 3090 816 3153 utendum
840 3092 889 3153 est
911 3089 1118 3172 argumentis.
1143 3108 1179 3152 ac
1203 3088 1381 3152 rectissime

233 3197 370 3261 Maurici
393 3197 470 3279 (uol.
495 3197 510 3260 I
533 3217 563 3280 p.
589 3195 668 3281 281)
693 3198 875 3261 1111111111
897 3196 1050 3260 librorum
1075 3196 1113 3260 de
1136 3196 1295 3260 Abrabam
1318 3196 1381 3276 pri·

234 3322 319 3368 orem
355 3324 391 3367 er
424 3304 622 3368 sermonibus
656 3303 695 3366 ad
728 3302 985 3381 catechumenos,
1020 3302 1074 3385 qui
1105 3302 1168 3365 iam
1200 3321 1312 3367 nomen
1342 3304 1382 3367 ad

233 3410 428 3493 baptismum
454 3409 616 3473 dedissent
641 3413 672 3473 11
695 3411 912 3490 competentes
933 3411 1050 3484 essent,
1070 3409 1187 3473 habilis
1212 3409 1382 3473 conflatum

234 3536 315 3581 esse.
345 3535 407 3598 qun
435 3516 472 3579 de
500 3534 533 3577 re
563 3514 703 3578 conferas
733 3532 769 3577 ea
799 3533 879 3596 quae
902 3516 1052 3598 leguntur
1075 3516 1151 3592 540,
1180 3516 1222 3577 22
1251 3515 1315 3596 ‘qni
1343 3514 1383 3577 ad

234 3622 366 3705 gratiam
390 3620 592 3704 baptismatis
616 3620 757 3684 tenditis'
781 3639 854 3683 cum
879 3620 923 3685 eis
949 3639 1029 3702 quae
1054 3621 1129 3697 560,
1154 3622 1173 3684 5
1199 3621 1384 3684 (1111111111

233 3732 323 3811 ‘quae
348 3731 386 3794 ad
412 3730 544 3815 gratiam
570 3727 689 3793 domini
712 3728 865 3793 tenditis‘.
891 3729 972 3792 unde
1000 3747 1073 3792 cum
1098 3747 1212 3811 magna
1238 3727 1381 3810 profecto

278 3991 299 4057 1)
318 3991 385 4046 Inst.
406 3989 490 4044 diuin.
509 3989 562 4042 litt.
583 3991 596 4042 I
618 3988 725 4042 ‘deinde
744 3992 853 4042 sanctus
871 3988 1039 4052 Ambrosius,
1062 3994 1093 4042 nt
1117 3993 1159 4043 est
1179 3989 1277 4058 planas
1301 3991 1383 4057 atque

233 4080 409 4135 suauissimus
438 4079 539 4142 doctor,
567 4077 662 4131 exinde
689 4095 734 4131 111
760 4077 846 4131 libros
871 4078 1043 4145 eloquentiae
1069 4095 1133 4132 1111
1158 4094 1231 4130 more
1258 4076 1383 4141 confecit,

234 4185 301 4238 quos
320 4169 502 4223 Heraemeron
522 4167 688 4237 appellqut'.

279 4259 300 4324 ²)
319 4257 343 4310 si
362 4257 426 4310 ordo
446 4274 463 4310 a
480 4256 618 4331 Parisiaco
639 4255 707 4309 1732
728 4255 929 4309 commendatus
948 4255 1092 4324 probatur:
1108 4255 1156 4309 sed
1175 4255 1199 4307 si
1213 4256 1384 4308 Duacensem

233 4346 378 4414 sequimur,
399 4362 484 4399 sermo
504 4346 601 4399 tertius
622 4347 649 4397 et
669 4348 789 4413 quartus.
