3175 5017
656 456 876 510 Praefatio.
1308 459 1337 520 v

190 649 345 715 librorum
372 670 539 715 numerum
569 650 692 716 efficere
720 652 883 729 uolumus,
907 651 1112 716 statuendum
1140 651 1338 717 661066616-

190 756 305 820 dorum
334 757 426 821 tertio
453 756 545 836 libro,
574 739 636 838 quo
666 757 703 821 16
732 758 821 823 16666
853 757 1032 841 expositum
1065 776 1135 822 esse
1168 758 1256 835 dixit,
1285 759 1337 823 ad·

126 930 130 935 ,
190 863 332 928 iunxisse
355 863 499 927 libellum
525 864 563 928 de
591 864 672 929 bono
701 864 825 944 moitis,
850 865 905 947 qui
931 867 1096 947 tamquam
1119 865 1215 929 huius
1239 866 1338 930 altera

189 974 347 1052 pareest,
372 970 451 1035 1666
474 972 573 1036 libros
598 971 635 1035 de
659 972 764 1050 Iacob,
790 972 925 1053 denique
950 972 1138 1053 opusculum
1164 972 1203 1036 16
1221 972 1336 1054 Ioseph

190 1097 265 1141 curn
290 1098 336 1156 66,
361 1078 445 1159 quod
469 1079 606 1144 666616
624 1079 899 1145 benedictionibus
922 1078 1169 1160 patriarcharum
1193 1082 1345 1156 uocatur‚.

190 1184 407 1249 6661666166.
421 1184 445 1265 ¹)
475 1205 547 1250 666
576 1185 675 1269 igitur
702 1189 825 1250 661166
849 1205 919 1250 6666
941 1186 1089 1250 61166166
1113 1185 1337 1251 Cassiodomm

189 1291 222 1355 in
256 1293 468 1374 computando
503 1292 582 1358 duos
615 1293 713 1359 libros
747 1293 784 1358 de
817 1294 912 1358 Iacob
946 1293 1055 1375 quinto
1089 1294 1122 1357 et
1149 1296 1236 1357 sexto
1264 1294 1335 1357 loco

190 1399 348 1481 posuisse,
374 1400 503 1465 eandem
528 1420 654 1483 quoque
677 1401 831 1465 rationem
857 1420 930 1465 eum
952 1400 984 1463 in
1008 1399 1098 1464 libris
1122 1399 1160 1463 de
1178 1400 1337 1463 Abrabam

189 1506 393 1571 numerandis
428 1509 606 1590 amplexum
639 1526 709 1572 esse
742 1510 837 1591 atque
871 1526 907 1571 ea
939 1526 1019 1590 quae
1051 1506 1081 1569 in
1115 1506 1240 1570 exordio
1264 1505 1338 1569 libri

189 1612 229 1675 de
258 1612 373 1695 Ioseph
401 1614 552 1697 leguntur
580 1618 726 1679 secutum
749 1615 895 1679 libellum
920 1614 957 1677 16
980 1614 1050 1678 Noe
1074 1633 1092 1677 a
1116 1632 1246 1696 corpore
1268 1612 1335 1689 1116,

190 1719 276 1800 quod
303 1720 550 1802 patriarcharum
580 1722 706 1787 nomine
735 1720 940 1806 significauit,
969 1722 1142 1786 seclusisse
1175 1720 1337 1803 probabile

190 1832 250 1889 est.
275 1828 389 1908 quodsi
408 1846 434 1893 c.
455 1831 474 1892 6
495 1829 587 1894 dicit:
612 1836 694 1893 ‘narn
719 1832 848 1893 sanctus
871 1828 1060 1893 Ambrosius
1083 1829 1114 1892 in
1138 1828 1218 1893 libro
1242 1827 1337 1911 patri·

190 1934 367 2011 archarum,
402 1935 456 1999 ubi
490 1935 527 1999 16
559 1955 694 2018 persona
724 1936 841 2019 Ioseph
873 1936 941 2018 ipse
973 1937 1127 2017 loquitur,
1161 1934 1335 1999 secundum

188 2039 307 2107 librum
327 2042 610 2108 Macchabaeorum
630 2044 765 2126 exempli
785 2063 882 2108 66666
900 2042 1180 2120 commemorauit,
1194 2042 1336 2124 legentes

189 2146 230 2209 ad
255 2148 411 2214 sectiones
436 2151 476 2213 41
503 2153 600 2215 6142
624 2151 697 2215 libri
722 2151 853 2231 alterius
878 2150 916 2214 de
939 2151 1035 2216 Iaoob
1060 2149 1196 2233 delegat,
1221 2147 1335 2229 quibus

190 2252 475 2321 Macchabaeorum
493 2258 634 2323 laudatio
654 2258 772 2323 adnexa
791 2261 849 2324 661.
875 2258 930 2322 661
953 2257 1068 2321 61666
1093 2275 1167 2321 6666
1190 2259 1239 2319 661
1263 2274 1336 2318 666

190 2361 252 2425 hoc
279 2364 349 2428 loco
378 2364 548 2447 scripsisse
568 2365 610 2429 ‘ln
637 2366 719 2431 libro
748 2364 1019 2447 patriarcharum’,
1044 2382 1116 2428 cum
1145 2362 1239 2444 paulo
1264 2364 1336 2424 ante

181 2474 215 2533 ’6.
242 2471 260 2533 5
286 2473 464 2537 accuratius
493 2491 659 2536 numerum
685 2472 759 2537 libri
787 2472 895 2536 uerbis
919 2472 960 2536 ‘in
983 2471 1064 2535 libro
1087 2469 1182 2534 tertio
1206 2468 1336 2551 patriar-

190 2576 332 2641 clrarum’
354 2578 553 2658 indicauerit,
577 2599 678 2662 neque
702 2579 899 2645 uerisimile
924 2599 997 2642 eum
1022 2596 1136 2660 661666
1159 2574 1239 2639 11161
1262 2572 1336 2638 libri

190 2684 317 2749 666166
338 2685 567 2770 designauissc.
589 2706 684 2769 quam
703 2686 742 2751 ob
762 2706 829 2751 rem
853 2689 1100 2751 consentaneum
1119 2701 1188 2746 esse
1208 2678 1337 2744 uidetur

188 2792 308 2869 ‘sexto‘‚
332 2792 417 2874 quod
440 2813 570 2859 numero
590 2794 635 2859 VI
655 2794 810 2875 scriptum
835 2795 910 2872 erat,
933 2795 1008 2874 post
1030 2791 1083 2854 ‘in'
1102 2788 1266 2854 excidisse.
1285 2786 1336 2849 his

188 2897 289 2980 igitur
303 2900 453 2982 expositis
467 2901 531 2965 166
542 2901 581 2965 61
592 2900 810 2983 quaestionem
822 2919 917 2983 quam
926 2901 1101 2963 tractamus
1112 2893 1335 2977 expediendam

189 3006 327 3071 reuersis
350 3007 442 3071 nobis
467 3008 504 3073 (16
530 3010 695 3089 66666616,
721 3008 807 3090 quod
830 3007 868 3071 de
889 3006 964 3071 Cain
989 3010 1021 3070 61
1038 3003 1120 3069 Abel
1142 3001 1334 3078 inscribitur,

189 3113 346 3199 agendum
371 3118 429 3179 est.
454 3115 538 3197 quod
562 3114 691 3179 eandem
714 3114 779 3179 fere
804 3116 923 3179 sortem
947 3132 1041 3195 quam
1060 3110 1142 3175 liber
1161 3106 1198 3172 de
1217 3106 1334 3190 Ioseph

189 3224 350 3303 expertum
385 3225 435 3286 est
466 3222 604 3304 pessimo
636 3222 669 3286 iu
699 3222 778 3286 duos
805 3221 904 3285 libros
933 3218 1084 3284 diuisum.
1109 3215 1225 3298 quain
1249 3214 1334 3279 reis

188 3329 244 3409 qui
275 3327 355 3393 banc
389 3328 577 3393 diuisionem
610 3328 754 3394 instituit
786 3326 1011 3409 disputationis
1042 3327 1184 3389 tenorem
1216 3324 1335 3386 temere

183 3435 358 3519 interrupit
380 3455 482 3519 neque
505 3437 539 3501 id
563 3437 696 3516 curauit,
721 3438 759 3500 ut
782 3438 814 3500 61
835 3433 910 3499 libri
937 3432 1051 3516 prioris
1076 3431 1178 3495 exitus
1203 3430 1334 3493 616116-

185 3543 254 3607 6166
279 3544 441 3613 exordium
461 3548 532 3627 apte
552 3545 831 3610 conformarentur.
844 3542 868 3621 ²)
888 3543 996 3607 utrum
1017 3542 1124 3604 autem
1143 3534 1335 3619 opusculum

188 3649 226 3713 16
251 3649 328 3715 Cain
353 3654 385 3716 61
407 3650 487 3716 Abel
512 3670 528 3715 e
553 3650 752 3716 sermonibus
776 3647 947 3715 conflatum
971 3646 1074 3712 sitan
1097 3644 1160 3708 iam
1184 3641 1333 3725 primitus

185 3758 218 3821 16
252 3756 427 3840 legentium
460 3774 555 3820 usum
589 3756 812 3839 6666661166,
846 3754 940 3819 666116
973 3749 1169 3837 argumentis
1201 3748 1334 3837 prolatis

187 3863 354 3928 diiudicari
385 3883 445 3928 non
479 3866 596 3946 potest.
630 3862 775 3947 adsurgit
808 3880 883 3926 sane
915 3860 967 3924 hic
999 3858 1066 3923 illio
1100 3856 1199 3922 oratio
1231 3874 1333 3939 neque

231 4108 252 4176 ¹)
272 4109 318 4163 uix
337 4110 408 4163 6616
426 4110 592 4163 uerisimile
612 4110 654 4163 est
673 4120 733 4163 eum
752 4106 820 4161 duos
840 4105 874 4160 16
891 4104 973 4160 Iacob
991 4104 1075 4158 libros
1093 4105 1232 4171 tamquam
1252 4116 1334 4153 unum

183 4198 372 4252 numerauisse
391 4200 420 4252 et
436 4198 560 4252 libellum
579 4197 612 4252 16
632 4195 868 4251 benedictionibus
891 4191 1104 4263 patriarcharum
1126 4194 1265 4268 tamquam
1288 4204 1335 4258 pe-

185 4288 313 4342 culiarom
333 4287 409 4342 iuxta
427 4287 504 4342 illum
525 4302 578 4356 quo
599 4286 631 4340 dc
650 4283 749 4355 Ioseph
769 4284 859 4353 agitur
876 4282 1007 4351 posuisse.

229 4377 251 4447 ²)
271 4378 305 4433 of.
326 4362 449 4447 quaeda
467 4376 519 4431 hac
537 4392 566 4430 re
586 4374 794 4446 disputauerunt
812 4371 930 4425 Macrini
948 4369 1002 4423 661.
1021 4369 1036 4422 I
1053 4386 1079 4438 p.
1100 4367 1159 4421 182.
