3175 5017
645 441 866 495 Praefatio.
1265 442 1324 507 XV

177 642 209 705 in
236 640 388 705 Eramero
421 656 483 701 non
512 639 714 720 respexisset.
748 656 783 701 ao
811 658 844 703 re
872 656 949 701 uera
975 637 1179 701 inueniuntur
1207 637 1235 701 si
1263 656 1324 702 non

177 748 288 824 multa,
318 748 483 811 attamen
513 744 637 827 aliquot
664 745 812 828 uestigia,
842 745 958 826 quihus
987 744 1157 809 edocemur
1184 744 1235 808 hic
1258 742 1325 809 illic

176 853 321 918 Philonis
354 852 452 916 lihros
487 851 524 915 de
553 850 678 933 opificio
706 851 826 928 mundi,
837 852 863 936 1)
891 852 929 915 de
958 851 1143 916 aeternitate
1168 850 1325 934 mundi,²)

177 959 215 1023 de
247 958 460 1041 prouidentia,
470 958 494 1038 3)
524 958 561 1022 de
593 958 663 1021 uita
689 958 812 1040 Moysis
821 955 848 1043 ⁴)
876 959 906 1022 ei
938 962 1010 1023 ante
1041 960 1151 1023 oculos
1182 962 1325 1023 uersatos

177 1085 258 1139 esse.
290 1066 341 1129 his
370 1066 449 1130 addo
474 1065 617 1131 eiusdem
640 1064 767 1143 librum,
793 1067 848 1147 qui
870 1068 953 1131 testo
977 1066 1114 1131 liusehio
1137 1066 1222 1131 Hist.
1247 1067 1325 1130 eccl.
1352 1142 1357 1156 ¹

175 1174 208 1238 II
233 1173 273 1237 18
302 1170 503 1255 Ἀλὲξανδρος
524 1168 544 1256 ἢ
568 1173 634 1254 περὶ
655 1179 708 1233 rod
730 1170 823 1251 λόγον
847 1169 928 1256 ἔχειν
950 1174 988 1234 τὰ
1010 1169 1107 1251 ἄλογα
1131 1174 1195 1255 ζῷα
1217 1172 1327 1237 inscri-

176 1281 277 1355 bitur3
301 1298 374 1343 nam
399 1298 435 1343 er
459 1278 519 1343 hoo
545 1298 669 1361 quoque
693 1278 724 1341 in
748 1276 870 1343 naturis
896 1277 1080 1342 animalium
1109 1278 1326 1343 describendis

175 1385 366 1451 Ambrosius
392 1385 547 1469 quaedam
571 1384 717 1450 hausisse
741 1383 878 1447 uidetur.
889 1381 914 1470 5)
939 1384 1061 1461 deinde,
1086 1404 1148 1467 qua
1167 1384 1205 1449 de
1223 1404 1257 1451 10
1275 1405 1327 1449 me

176 1493 334 1557 Hemious
366 1492 453 1557 filius
487 1491 624 1569 edocuit,
649 1491 698 1556 his
733 1490 772 1555 ad
801 1492 975 1556 orationem
1003 1491 1210 1556 eremandam
1238 1492 1327 1557 locos

177 1621 213 1665 er
243 1600 449 1665 altercatione
475 1598 629 1663 Hadriani
652 1602 684 1662 et
707 1598 846 1678 Epicteti
876 1598 944 1661 siue
967 1598 1076 1679 potius
1100 1596 1237 1662 Secundi
1259 1598 1327 1681 phi·

176 1706 305 1788 losophi
329 1704 381 1792 (of.
407 1706 550 1771 Mullaoh
574 1705 699 1789 Fragm.
724 1704 802 1788 phil.
827 1703 938 1769 Graec.
961 1706 978 1769 Ι
1001 1705 1080 1790 518)
1103 1705 1249 1783 intexuit,
1274 1704 1326 1780 74,

177 1815 310 1892 2016,
339 1814 394 1878 uhi
427 1814 522 1877 maris
555 1812 761 1896 pulchritudo
794 1813 995 1886 describitur,
1029 1817 1062 1877 et
1090 1815 1164 1890 111,
1194 1814 1232 1877 21
1269 1832 1327 1895 sq,

176 1922 235 1985 ubi
264 1920 341 1985 solis
369 1919 480 1984 laudes
510 1919 718 1983 celebrantur.
751 1922 801 1983 ter
823 1939 860 1984 er
882 1919 1101 2001 Xenophontis
1125 1918 1246 1985 Comm.
1272 1918 1328 1984 So·

177 2026 275 2092 oratis
298 2028 321 2091 l.
341 2027 356 2090 Ι
375 2046 401 2091 0.
423 2028 444 2089 4
467 2026 555 2091 10000
579 2030 745 2091 mutuatus
770 2025 986 2112 001(165,3;
1011 2027 1086 2104 249,
1108 2028 1164 2103 14;
1185 2028 1260 2105 259,
1282 2026 1327 2111 7),

177 2134 265 2216 quod
289 2136 386 2216 caput
409 2133 597 2198 adulescens
621 2133 667 2197 ita
686 2133 855 2217 diligenter
872 2134 992 2218 legisse
1011 2133 1147 2212 uidetur,
1169 2136 1205 2197 ut
1223 2136 1328 2198 totum

177 2240 363 2306 memoriter
378 2242 653 2323 complecteretur.
674 2240 730 2303 sed
744 2240 903 2305 exciderat
921 2259 957 2304 er
976 2240 1046 2303 eius
1065 2243 1170 2304 mente
1189 2240 1327 2305 auctoris

175 2348 282 2429 ipsius
305 2346 467 2425 memoria,
492 2347 525 2411 id
548 2346 635 2427 quod
658 2346 788 2428 adparet
811 2365 847 2409 er
871 2346 916 2410 eis
941 2346 1075 2427 quaein
1098 2346 1179 2410 libro
1203 2346 1241 2410 de
1259 2345 1328 2410 Noe

177 2456 210 2532 8,
236 2455 279 2517 24
302 2455 463 2537 leguntur.
489 2472 560 2519 cum
587 2453 671 2517 enim
694 2453 739 2517 ibi
762 2453 930 2518 Philonem
954 2452 1084 2534 Quaest.
1103 2453 1136 2517 in
1160 2452 1238 2518 Gen.
1257 2452 1328 2515 116

178 2563 312 2627 secutus
346 2560 480 2625 eundem
505 2580 599 2643 quem
623 2560 677 2626 Er.
702 2559 748 2625 VI
772 2562 802 2638 9,
829 2562 869 2624 72
893 2560 1040 2624 adhibuit
1062 2562 1169 2625 locum
1193 2578 1329 2623 comme-

176 2668 382 2744 morauisset,
405 2667 551 2731 Philonis
575 2668 682 2732 uerbis
702 2663 866 2751 Σωκράτης
890 2670 965 2751 puel
988 2666 1140 2749 deceptus
1165 2664 1330 2731 0060010-

175 2777 245 2837 tem
266 2775 298 2838 in
319 2773 456 2856 quodam
474 2774 618 2838 Platonis
636 2774 717 2839 libro
736 2774 875 2855 proferre
895 2774 1041 2855 opinatus
1061 2776 1125 2839 001.
1147 2773 1329 2839 Ciceronem

177 2882 287 2945 autem
321 2899 416 2963 quarn
450 2880 593 2945 studiose
625 2879 822 2944 lectitauerit
853 2879 947 2945 multi
974 2880 1048 2957 loci,
1077 2881 1194 2963 quihus
1223 2880 1330 2945 uerbis

226 3105 245 3173 ¹)
264 3123 291 3160 u.
310 3124 337 3177 p.
362 3107 424 3170 231,
450 3108 483 3160 21
511 3090 563 3175 quo
589 3107 649 3161 loeo
677 3109 768 3176 aperte
792 3106 871 3160 Philo
895 3108 1081 3177 impugnatum·
1105 3108 1138 3163 cf.
1157 3108 1285 3163 Foerster
1302 3125 1329 3178 p.

176 3196 242 3259 291,
267 3195 329 3249 adn.
352 3196 396 3251 23.
421 3213 480 3249 cnm
497 3196 577 3250 Philo
601 3196 709 3265 saepius
732 3196 805 3249 binis
829 3196 873 3249 nel
892 3196 975 3249 etium
995 3196 1115 3265 pluribus
1134 3197 1201 3251 10010
1222 3196 1330 3251 easdem

175 3301 222 3338 100
247 3286 416 3348 tractauerit,
440 3291 640 3355 nonnumquam
665 3301 729 3339 sane
754 3283 874 3337 dubitari
897 3288 990 3354 potest
1013 3302 1093 3353 quem
1111 3286 1199 3340 locum
1218 3303 1246 3340 re
1265 3303 1330 3340 uera

177 3373 340 3427 Ambrosius
363 3374 518 3443 respexerit.
545 3378 664 3427 ceterum
687 3373 732 3427 hic
755 3373 854 3427 addam
876 3390 919 3428 me
941 3375 970 3427 in
989 3374 1111 3428 Philonis
1134 3376 1202 3429 locis
1225 3376 1330 3445 signifi·

177 3461 275 3516 caudis
294 3462 427 3516 sectiones
447 3478 515 3531 quae
530 3464 558 3517 in
573 3462 602 3515 Ε.
617 3462 739 3516 Richtori
757 3463 877 3516 editione
896 3463 1024 3532 leguntur
1042 3463 1203 3518 indicauisse
1222 3465 1330 3534 paginis

177 3550 262 3603 simul
285 3550 462 3619 mensibusque
487 3551 614 3605 editionis
633 3549 812 3620 Mangeisnae
834 3551 975 3622 adpositis.
1002 3552 1107 3615 deinde,
1130 3552 1178 3605 uhi
1201 3552 1330 3607 editionis

177 3639 349 3709 aLeopoldo
364 3640 440 3697 Oohn
459 3644 487 3694 et
504 3641 589 3694 Paulo
609 3639 761 3695 Wendland
779 3644 891 3710 paratae
911 3642 1036 3695 uolumen
1054 3643 1170 3711 primum
1187 3643 1216 3695 in
1235 3660 1330 3695 manus

177 3729 259 3782 uenit
278 3758 311 3767 -
330 3733 388 3782 tum
413 3734 503 3783 autom
526 3730 580 3782 iarn
603 3747 657 3783 non
681 3746 781 3799 plancae
806 3730 908 3799 primae
931 3730 1017 3799 partis
1040 3731 1167 3799 plagulae
1191 3734 1220 3784 et
1243 3732 1330 3785 multo

176 3818 273 3886 plures
292 3818 374 3871 etiam
393 3817 504 3872 alterius
523 3818 594 3887 typis
615 3819 762 3888 exscriptae
786 3822 865 3872 eraut
883 3849 926 3882 —,
944 3818 1025 3871 huius
1048 3822 1162 3888 paginas
1186 3822 1214 3873 et
1236 3836 1330 3873 uersus

175 3906 310 3961 indicaui.
335 3907 462 3963 uolumen
490 3925 554 3961 uero
583 3908 697 3963 alterum
725 3911 840 3977 utroque
869 3907 976 3961 denium
1000 3912 1073 3962 tomo
1103 3908 1231 3963 editionis
1254 3925 1330 3963 meae

176 3996 238 4049 fere
258 3996 382 4050 absoluto
403 3998 502 4067 accepi.

228 4082 393 4150 &mah

227 4173 248 4240 ³)
270 4174 301 4230 ci.
323 4176 384 4232 119.
404 4176 419 4229 9
439 4182 467 4229 01
488 4178 548 4243 126,
567 4180 591 4231 5.

229 4263 413 4327 &mam

227 4351 248 4421 ⁵)
267 4353 329 4417 212,
350 4355 397 4417 23;
418 4355 478 4416 219,
498 4356 527 4418 3;
548 4355 607 4419 222,
627 4355 651 4408 6.
