3175 5017
270 445 335 508 634
741 440 942 493 Ambrosii

212 594 234 621 't

217 639 259 703 83
270 641 326 702 aut
347 637 495 702 nimietas
518 637 624 702 laedat
647 641 703 703 aut
725 656 812 702 mora
836 635 1000 701 offensioni
1025 636 1077 700 sit.
1101 653 1161 700 non
1186 635 1287 700 otiose
1307 637 1417 698 autem

269 763 326 809 nec
345 745 503 827 superflue
521 745 663 827 plerique
677 745 738 808 hcc
753 743 808 826 qni
824 744 968 827 sequitur
981 743 1052 807 loco
1067 741 1187 807 moueri
1201 741 1362 818 uidentur,
1378 759 1416 804 eo
1465 747 1518 802 350
1531 747 1553 800 A

269 851 353 933 qnod
368 848 1418 932 itadireritdominus:quoniamquinonfueritcircum-

269 957 381 1022 cisus
404 958 612 1022 masculus
637 961 676 1022 et
697 977 771 1022 non
797 956 1109 1022 circumciderit
1133 975 1289 1019 carnem
1308 974 1415 1037 prae-

268 1063 376 1146 putii
400 1065 464 1129 sni
488 1067 633 1129 octauo
654 1063 728 1140 die,
747 1062 943 1127 interibit
962 1063 1092 1127 anima
1109 1061 1185 1125 illa
1204 1062 1248 1126 de
1268 1080 1418 1146 genere
1455 1084 1468 1121 a

268 1189 351 1248 suc,
377 1170 470 1254 quia
492 1173 783 1236 testamentum
808 1189 934 1235 meum
953 1170 1189 1251 interrupit.
1214 1187 1312 1252 graue
1332 1169 1419 1232 enim

266 1281 398 1360 putatur
420 1278 504 1360 quod
527 1278 640 1342 infanti
663 1281 734 1342 octo
760 1277 881 1342 dicrum
906 1276 1109 1361 neglegentia
1127 1278 1297 1358 parentum.
1311 1275 1419 1340 fraudi

268 1388 354 1450 esset
379 1385 497 1463 futura,
525 1385 571 1449 ita
597 1387 635 1448 ut
657 1384 801 1449 interiret
824 1385 929 1448 anima
952 1385 1031 1462 eius,
1056 1404 1128 1448 cum
1151 1384 1222 1466 ipsa
1244 1384 1294 1447 lex
1319 1379 1425 1446 etiamr

266 1492 453 1568 homicidae,
473 1491 529 1573 qui
545 1495 651 1556 tamen
671 1511 731 1556 ncn
751 1492 968 1556 uoluntarium
987 1491 1110 1555 lacinus
1128 1490 1262 1554 necandi
1277 1488 1418 1553 hominis

265 1599 445 1680 inpleuerit‚
470 1599 619 1665 ciuitates
642 1599 892 1682 praescripserit,
916 1599 956 1663 ad
978 1617 1057 1680 quas
1081 1596 1292 1680 confugiendo
1316 1615 1417 1660 mere·
1438 1620 1465 1659 ιο
1484 1601 1507 1654 Β

266 1709 337 1770 atur
351 1706 515 1790 sanguinis
529 1705 750 1788 inpunitatem.
770 1705 929 1788 quomodo
945 1724 1019 1788 ergo
1036 1707 1091 1768 aut
1104 1703 1171 1769 illic
1185 1702 1266 1768 ratio
1281 1703 1420 1766 habetur

265 1812 414 1876 fortuitae
446 1813 533 1877 necis
566 1816 621 1876 aut
653 1812 705 1877 hic
737 1811 818 1877 ratio
850 1811 1003 1876 infantiae
1031 1830 1092 1875 non
1120 1810 1265 1888 habetur,
1292 1809 1325 1872 in
1354 1829 1419 1891 qna

266 1918 384 1982 crimen
407 1937 468 1982 non
491 1918 598 2001 potuit
622 1937 692 1982 esse
712 1923 768 1982 aut
786 1899 1050 1982 dissimulationis
1071 1922 1127 1982 aut
1144 1916 1332 1993 uoluntatis,
1352 1916 1418 1979 nisi

266 2025 346 2089 forts
369 2027 483 2107 putent
505 2025 604 2107 aliqui
628 2025 702 2109 quia
725 2026 757 2089 in
776 2029 878 2090 morte
898 2024 943 2089 lili
963 2026 1094 2109 grauius
1113 2025 1289 2107 puniuntur
1305 2043 1418 2106 paren-

264 2135 335 2195 tes?
360 2131 416 2195 sed
438 2132 595 2196 iniustum
618 2135 751 2215 putatur
772 2136 810 2197 nt
834 2131 928 2215 culpa
951 2136 1122 2196 nocentum
1140 2131 1294 2195 inferatur
1311 2149 1416 2213 poena
1438 2152 1464 2190 ιι

264 2237 424 2303 innocenti
452 2238 507 2302 uel
533 2242 662 2321 propter
687 2257 822 2321 poenam
845 2239 988 2303 nocentis
1012 2239 1163 2303 innocens
1185 2237 1335 2321 puniatur
1358 2239 1417 2300 aut

263 2342 320 2406 fiat
357 2362 487 2409 consors
524 2344 674 2425 supplicii
713 2345 768 2427 qui
805 2345 912 2426 dispar
949 2348 998 2410 est
1033 2347 1158 2410 merito.
1195 2345 1277 2408 unde
1314 2343 1416 2424 aliqui

262 2452 377 2532 putant
400 2451 485 2534 quod
504 2451 542 2515 de
560 2454 689 2534 parente
713 2452 799 2515 dicat
822 2452 1063 2531 exterminando,
1088 2453 1172 2535 quod
1192 2452 1260 2516 eins
1279 2451 1416 2514 intereat
1484 2455 1505 2510 O

263 2557 376 2634 anima,
400 2577 460 2622 non
484 2558 618 2640 paruuli.
642 2558 698 2622 sed
721 2559 815 2622 ualde
839 2559 1026 2643 ambiguum
1050 2562 1109 2636 est,
1129 2559 1205 2623 licet
1223 2557 1416 2641 suffragetur

264 2665 340 2730 huic
381 2665 552 2729 adsertioni
594 2664 680 2746 quod
721 2665 779 2728 ait:
823 2665 916 2747 quia
956 2666 1249 2728 testamentum
1285 2683 1465 2728 meumm

264 2772 500 2854 interrupit.
537 2771 645 2854 itaque
678 2771 737 2836 hoc
770 2771 810 2835 ad
841 2771 1080 2855 intellegentem
1113 2760 1216 2854 magis
1249 2789 1342 2852 qnam
1374 2769 1415 2832 ad

262 2879 416 2942 infantem
451 2879 651 2943 referendum
688 2878 824 2943 uidetur.
868 2878 921 2942 alii
958 2879 1104 2963 gramora
1139 2876 1322 2960 parentibus
1359 2877 1415 2938 nel

264 2983 390 3049 silentio
414 2983 613 3047 minitantem
636 2987 752 3067 putant
775 2983 939 3048 dominum
963 2984 1067 3060 deum,
1093 3001 1154 3065 quo
1178 2983 1251 3065 plns
1279 2983 1416 3046 timeant

210 3091 253 3154 84
264 3091 409 3168 maiores,
433 3090 556 3172 quando
581 3110 637 3155 nec
661 3091 773 3154 infanti
791 3091 943 3172 parcitur.
968 3090 1047 3154 mihi
1067 3093 1173 3154 autem
1193 3088 1270 3154 satis
1289 3089 1413 3171 liquido

262 3199 352 3278 patet
375 3197 496 3261 dictum
522 3196 560 3260 dc
583 3196 836 3279 uniuscuiusque
860 3200 975 3261 mente.
1009 3198 1146 3261 diximus
1171 3196 1254 3260 enim
1277 3195 1416 3259 masculi
1435 3218 1464 3260 aa
1482 3208 1508 3261 Ι)

263 3303 389 3368 nomine
417 3307 557 3367 mentem
586 3303 769 3388 significari,
799 3304 884 3386 quod
908 3305 951 3368 sit
974 3305 1101 3369 ualidus
1125 3303 1240 3368 mentis
1263 3305 1357 3386 uigor·
1382 3307 1415 3366 et

263 3409 401 3474 animam
428 3410 460 3473 in
489 3411 540 3473 sui
568 3412 716 3491 copulam
742 3411 849 3475 trahat
877 3412 982 3493 sitque
1010 3411 1227 3477 uehementior
1249 3413 1413 3492 tamquam

263 3535 339 3581 sexu
358 3517 463 3599 potior
481 3520 514 3581 et
532 3516 617 3582 uirili
637 3518 814 3582 ualiditate.
835 3538 910 3602 ergo
930 3519 1006 3583 haec
1025 3519 1107 3582 ratic
1128 3521 1185 3596 est,
1206 3517 1296 3599 quod.
1310 3519 1412 3582 omnis

261 3641 362 3699 mens,
395 3643 474 3706 quac
507 3644 568 3688 non
602 3624 700 3688 luerit
732 3624 920 3689 circumcisa
949 3645 966 3688 a
994 3624 1162 3706 superfluis
1196 3624 1411 3706 corporalibus

262 3733 295 3792 ct
325 3735 462 3813 purgata
494 3730 640 3795 sollemni
667 3751 807 3808 munere,
836 3736 874 3796 ut
901 3733 1011 3797 exsuat
1039 3751 1072 3796 se
1100 3731 1285 3814 passionum
1309 3732 1410 3809 uitiis,
1432 3755 1461 3794 ao

351 3947 367 3999 3
388 3945 455 4000 Gen.
476 3949 517 4009 17,
539 3947 572 3999 14
591 3947 670 4000 Philo
691 3947 917 4013 Quaest.11152
971 3949 1060 4003 810s.
1081 3951 1123 4014 20,
1143 3951 1158 4004 3

297 4087 365 4139 2cc
384 4088 484 4155 scrcpsi
502 4091 530 4141 et
548 4088 577 4141 D
597 4089 639 4155 (ira
656 4092 724 4153 ras.)
746 4096 793 4142 cet.
849 4091 958 4145 8csset
977 4094 999 4157 (t
1017 4107 1039 4145 s.
1057 4108 1085 4145 o.
1105 4095 1162 4157 cad)
1180 4092 1207 4144 P
1278 4092 1337 4160 ipsa
1356 4108 1407 4144 cris.

260 4173 293 4226 N
364 4176 397 4228 13
425 4178 544 4246 autpr.]
564 4180 655 4230 autem
679 4176 779 4241 T‘DN,
800 4195 852 4232 cnr.
872 4180 898 4230 B
972 4180 1005 4233 14
1029 4179 1124 4233 dliiP
1143 4180 1163 4248 (i
1182 4185 1242 4235 tert.
1260 4197 1282 4236 s.
1301 4186 1340 4245 u.)
1360 4187 1407 4234 cet.

263 4263 295 4316 17
316 4267 358 4316 est
376 4279 427 4316 coc.
441 4264 505 4318 DN
573 4265 658 4334 aliqui
677 4282 728 4319 ona.
743 4267 808 4319 DN
857 4267 892 4322 30
912 4271 1007 4321 exunat
1021 4269 1138 4322 chuat
1152 4274 1197 4322 cet.
1253 4270 1408 4339 passionum

263 4351 340 4404 uitiis
359 4353 475 4405 PBCM
490 4354 663 4423 passionibus
683 4359 711 4408 et
730 4356 806 4409 uitiis
825 4356 855 4411 D
873 4358 914 4425 (et
931 4373 952 4413 s.
971 4363 1010 4424 cc.)
1029 4357 1063 4411 N
