3175 5017
287 422 405 485 LXXII
749 418 968 475 Praefatio.

286 614 318 677 16
341 615 393 678 ΡΤ
411 618 486 697 post
503 613 743 677 moderationem
761 613 966 695 transposita.
991 614 1126 696 denique
1143 614 1222 680 locis
1241 613 1436 696 quibusdam
1496 655 1500 659 -

286 722 317 784 16
338 720 406 786 1100
425 724 481 785 aut
498 721 527 784 D
547 721 614 785 solo
634 740 812 803 germanae,
827 721 859 783 in
878 720 931 783 PT
952 722 1017 799 aut,
1034 720 1089 783 ubi
1104 721 1128 785 Τ
1143 720 1260 795 deficit,
1275 720 1308 783 16
1324 720 1351 783 P
1367 719 1435 783 solo

287 847 402 909 prauae
430 828 582 892 lectiones
612 829 728 903 entant,
758 828 960 903 661611506,
986 829 1027 890 20
1051 826 1207 890 omnnium
1230 831 1259 889 et
1280 825 1439 889 ooiodioono

288 932 355 998 1101
388 932 624 997 emolamentum
655 932 788 996 iadicem
819 933 883 1009 PT,
917 932 993 1001 530.
1024 935 1064 995 12
1093 953 1212 1012 aanocc
1239 932 1309 998 Did
1338 951 1437 1016 nsque

286 1038 349 1115 PT,
378 1041 453 1116 531,
479 1042 628 1123 2proeoe
656 1036 715 1104 Db
740 1060 855 1119 praeca
882 1038 944 1116 PT,
975 1040 1050 1115 637,
1074 1040 1094 1101 3
1118 1045 1264 1103 noscetur
1286 1039 1437 1103 1166661-

288 1149 340 1207 tor
362 1146 397 1209 P.
428 1146 465 1209 de
495 1147 608 1211 6616116
637 1146 801 1210 codicibus
835 1166 895 1210 non
930 1148 979 1210 661
1010 1146 1095 1227 quod
1127 1146 1238 1209 multis
1271 1166 1436 1227 exponam.

288 1272 360 1317 nam
393 1253 421 1316 R
452 1253 514 1317 fere
548 1272 673 1335 semper
705 1270 778 1315 eum
811 1251 840 1315 N
874 1252 1043 1334 conspirat,
1077 1250 1152 1318 0οΈ
1186 1256 1292 1317 autem
1325 1272 1363 1316 ex
1397 1251 1436 1317 21¹

286 1359 357 1441 ipso
394 1360 574 1424 messuisse
613 1359 803 1446 uidentur1).
846 1379 929 1425 unus
962 1360 1062 1445 igitur
1090 1360 1127 1426 ab
1161 1361 1215 1442 qui
1248 1360 1437 1443 diligentius

287 1466 475 1548 respiciatur
498 1466 612 1551 dignus
637 1467 864 1532 existimandus
890 1470 949 1545 est,
973 1468 1159 1549 praesertim
1189 1487 1261 1531 cum
1288 1466 1341 1531 bio
1370 1466 1439 1531 illic

287 1572 319 1635 in
349 1592 384 1637 eo
413 1573 566 1637 lectiones
595 1592 667 1637 oum
697 1574 721 1637 P
750 1576 813 1651 uel,
843 1575 928 1657 quod
950 1574 1050 1638 rarius
1075 1577 1134 1653 est,
1159 1594 1230 1638 cum
1255 1575 1279 1639 T
1305 1592 1439 1656 congru-

289 1670 712 1765 mmmmffl'

332 1786 445 1850 Restat
463 1789 500 1850 ut
519 1784 557 1849 de
577 1786 700 1851 duobus
722 1787 876 1868 excerptis
897 1807 933 1850 ex
951 1787 1032 1851 libro
1052 1787 1163 1869 priore,
1188 1786 1437 1851 Ambrosiano

291 1895 321 1956 et
345 1892 591 1971 Einsidlensi,
617 1892 768 1975 quaedam
795 1894 938 1958 adiciam.
972 1894 1089 1958 etenim
1116 1894 1147 1957 in
1174 1894 1281 1958 codice
1304 1893 1438 1957 Ambro-

290 1999 377 2063 siano
401 2000 416 2062 Ι
442 2002 503 2064 101
530 2020 598 2082 sup.
623 2019 703 2064 saec.
729 2000 807 2063 VIII
830 2002 882 2065 uel
905 2000 1022 2064 rectius
1046 2000 1117 2077 Vll,
1147 2019 1247 2081 quem⁴
1269 1999 1438 2082 descripsit

290 2105 326 2169 A.
355 2106 582 2170 Reifferscheid
609 2107 692 2170 Bibl.
721 2110 801 2189 patr.
831 2107 898 2170 Lat.
932 2106 1002 2170 Ital.
1036 2107 1067 2171 H
1100 2108 1139 2169 31
1176 2126 1243 2188 sqq.
1278 2107 1299 2171 f.
1336 2108 1376 2169 11
1407 2108 1438 2168 61

287 2212 403 2275 iterum
423 2212 614 2295 quibusdam
643 2213 770 2278 omissis
800 2214 821 2277 f.
851 2213 1081 2278 incentiones
1106 2217 1146 2278 15
1162 2217 1194 2278 61
1220 2214 1259 2276 16
1284 2213 1438 2296 leguntur

290 2322 385 2400 atque
408 2322 519 2401 postea
542 2322 564 2385 f.
590 2321 644 2383 71“
669 2324 700 2383 61
725 2322 766 2383 72
790 2321 887 2384 uerba
910 2324 993 2383 ‘ante
1017 2321 1134 2385 ostium
1155 2372 1162 2385 .
1180 2372 1187 2386 .
1206 2372 1212 2385 .
1231 2320 1437 2385 tabernacula.

291 2428 359 2489 sua’
382 2428 471 2509 (527,
497 2428 639 2505 6-528,
666 2429 728 2503 13).
753 2426 912 2491 fluxerunt
934 2428 1012 2491 baec
1035 2445 1109 2491 sane
1134 2446 1169 2489 61
1187 2426 1268 2490 libro
1287 2445 1437 2491 ueneran-

292 2532 348 2595 dae
382 2533 567 2612 uetustatis,
601 2533 657 2597 sed
691 2533 718 2597 si
751 2533 823 2615 quis
856 2537 1022 2617 propterea
1054 2552 1090 2596 ex
1117 2532 1164 2597 616
1192 2533 1232 2595 ad
1262 2532 1436 2597 orationem

291 2637 453 2720 scrIptoris
483 2638 708 2703 emendandam
737 2638 859 2721 aliquid
885 2638 1134 2703 redundaturum
1163 2658 1233 2702 esse
1265 2637 1436 2721 putauerit,

291 2764 363 2808 mox
392 2765 425 2810 66
455 2764 473 2808 a
500 2765 556 2827 spe
585 2746 775 2810 destitutum
805 2766 874 2811 6666
906 2746 1082 2831 intelleget.
1115 2748 1320 2831 neglegenter
1354 2745 1437 2808 enim

292 2851 409 2933 scripta
442 2856 516 2917 sunt
549 2853 723 2935 multisque
756 2853 845 2917 uitiis
874 2852 1081 2935 inquinata3).
1116 2857 1149 2917 et
1177 2855 1294 2934 quanta
1316 2850 1437 2915 librarii

291 2995 335 3002 —
358 2977 430 3021 nam
459 2959 566 3023 eadem
596 2979 691 3023 manu
720 2960 877 3024 sectiones
909 2961 948 3021 15
980 2963 1011 3024 et
1040 2962 1080 3024 16
1109 2959 1262 3043 repetitae
1292 2962 1368 3022 sunt
1394 2994 1438 3003 -

292 3052 435 3128 socordia
466 3066 497 3128 in
532 3065 735 3131 describendo
768 3066 866 3130 fuerit
899 3086 934 3130 ex
962 3066 1012 3130 his
1040 3066 1121 3131 locis
1150 3083 1323 3148 cognoscas
1346 3050 1437 3128 licet:

293 3172 366 3249 513,
392 3173 411 3235 0
436 3172 572 3234 odsoo'oo't
596 3176 637 3236 m'
662 3173 801 3255 praebet,
824 3174 918 3236 soiro't
940 3178 1006 3251 m“,
1033 3174 1072 3236 17
1097 3171 1213 3255 reform
1236 3171 1291 3235 deo
1314 3175 1356 3234 m‘
1384 3170 1439 3233 deo

291 3276 404 3358 referri
431 3281 496 3343 m¹⁶.
530 3276 670 3342 ceterum
697 3278 903 3342 memorabile
932 3282 982 3342 661
1009 3279 1087 3342 baec
1112 3279 1257 3359 excerpta
1279 3296 1342 3341 non
1366 3263 1439 3341 curn

292 3383 327 3461 P,
367 3383 422 3447 sed
460 3403 533 3447 oum
565 3384 635 3450 Dat*
671 3386 864 3467 conspirare;
902 3384 993 3449 uides
1026 3385 1110 3448 enim
1142 3384 1173 3448 in
1207 3383 1253 3447 eis
1287 3384 1370 3470 512,
1398 3384 1438 3446 18

291 3494 431 3569 nepotem
455 3491 520 3575 legi
543 3491 574 3555 in
599 3492 624 3555 P
650 3493 805 3557 omissum
835 3495 866 3555 et
894 3494 969 3569 513,
1000 3493 1040 3555 12
1072 3492 1121 3555 ΙΗ
1154 3476 1226 3574 (idn
1256 3490 1294 3572 P)
1323 3493 1438 3555 611616.

339 3620 358 3685 1)
378 3621 444 3676 item
468 3622 501 3677 de
525 3624 654 3691 quattuor
677 3622 814 3679 codicibus
839 3640 922 3692 snpra
945 3640 960 3677 a
984 3623 1062 3675 nobis
1089 3622 1311 3697 commemoratis,
1335 3620 1439 3674 Dunel·

292 3710 385 3772 mensi,
409 3710 568 3776 Bodleiano,
591 3711 810 3774 Ρ61161666627,
833 3711 1038 3765 Uindobonensi
1058 3712 1118 3774 705,
1137 3709 1311 3764 statuendum
1331 3712 1375 3762 est
1395 3726 1440 3763 eos

293 3812 323 3850 ex
341 3798 410 3851 libro
430 3798 464 3857 ab
483 3800 620 3853 slmillimo
639 3800 777 3853 deriuatos
797 3817 862 3854 esse.
1194 3805 1200 3816 ‘

339 3886 360 3957 ²)
380 3888 441 3951 510,
462 3891 494 3943 16
514 3890 542 3942 16
561 3889 620 3945 Nar
640 3893 702 3943 ante
725 3890 808 3943 sinent
830 3888 1015 3942 additament
1036 3889 1171 3952 babitare,
1191 3886 1265 3957 quod
1283 3886 1335 3940 etsi
1354 3886 1440 3955 scrip·

292 3979 369 4029 turae
384 3978 473 4031 uerbis
489 3977 593 4049 (ἐχώρει
607 3984 733 4032 κατοικεῖν
748 3978 831 4044 LXX)
847 3978 982 4042 conuenit,
997 3980 1091 4031 161666
1103 3976 1245 4031 Ambrosio
1263 3974 1440 4029 tribuendum

294 4081 352 4117 esse
371 4082 450 4134 nego.
489 4098 495 4115 .

339 4152 359 4223 ³)
378 4154 595 4223 frequentissime
621 4154 822 4209 confunduntur
839 4171 856 4209 o
875 4157 903 4208 et
920 4171 949 4216 u,
969 4154 1002 4208 cf.
1021 4154 1187 4220 nomerauit,
1201 4152 1344 4221 popoioeo,
1364 4167 1440 4205 eaer-

294 4244 355 4310 oe'to,
375 4238 512 4311 captarat,
531 4261 673 4309 montana,
688 4261 702 4296 6
717 4247 744 4297 61
758 4244 777 4306 i,
798 4243 971 4311 eidemque,
987 4242 1067 4305 docit,
1087 4242 1206 4310 concepit
1223 4242 1288 4311 (leg.
1302 4240 1440 4307 suscipit),

294 4336 352 4385 661
372 4350 411 4396 66,
432 4333 465 4387 cf.
484 4334 624 4397 1661161166,
644 4352 670 4387 nt
690 4335 833 4398 omittitur,
854 4334 887 4387 cf.
904 4334 1000 4402 pratia
1018 4332 1081 4401 (leg.
1099 4332 1242 4401 pretione),
1261 4331 1331 4383 dece.
