3175 5017
385 434 427 486 De
445 433 581 486 Abraham
599 431 628 485 II
648 433 690 495 11,
709 431 752 486 78.
772 431 806 485 79
844 431 868 496 (I
887 431 939 485 347
957 429 1071 484 E-348
1091 429 1132 497 E).
1265 433 1327 496 631

183 628 261 693 solis
288 629 428 694 maribus
457 629 564 712 erigit,
592 628 738 710 eoquod
766 627 806 692 ad
834 627 1035 692 admixtionis
1065 646 1158 691 usum
1186 626 1236 691 uir
1262 645 1332 690 mu·

181 735 259 798 liere
284 736 503 800 uehementior
526 736 579 809 sit,
603 739 636 799 et
653 735 724 799 ideo
743 735 845 818 ipsius
865 735 1020 816 impetum
1040 734 1208 818 infringere
1227 733 1333 798 uoluit

182 843 434 909 circumcisionis
459 843 634 926 signaculo,
657 841 710 906 uel
733 842 809 925 quia
827 841 888 904 uiri
905 840 994 904 licito
1015 860 1049 905 se
1068 859 1168 905 errare
1188 841 1330 922 credunt,

181 950 208 1013 si
223 951 294 1014 solo
310 970 344 1014 se
359 950 540 1014 abstineant
553 948 717 1023 adulterio,
732 947 929 1012 meretricios
945 950 1050 1012 arrtem
1070 967 1148 1012 usus
1168 950 1329 1030 tamquam

150 1059 311 1121 enaturae
343 1057 408 1140 legi
441 1059 609 1139 suppetere
641 1059 765 1139 putant,
800 1075 873 1120 cum
904 1059 1028 1139 praeter
1060 1056 1243 1139 coniugium
1272 1064 1375 1121 neoc

179 1163 249 1227 niro
274 1163 370 1228 liceat
392 1182 450 1228 nec
474 1163 609 1228 feminae
631 1163 759 1228 misceri
784 1162 884 1228 alteri.
915 1163 1025 1227 altiore
1050 1167 1156 1227 autem
1178 1161 1330 1246 interpre-

178 1270 299 1334 tatione
331 1270 412 1334 illud
443 1270 601 1353 panditur,
635 1268 719 1351 quod
748 1270 776 1333 si
804 1287 893 1333 mens
921 1271 1056 1350 purgata
1085 1271 1116 1332 et
1144 1268 1331 1334 circumcisa

179 1377 232 1452 sit,
258 1382 370 1440 exenta
392 1376 563 1459 superfiuis
585 1376 809 1458 uoluptatibus
833 1380 864 1439 et
892 1376 1139 1460 cogitationibus
1167 1373 1332 1457 restringit

178 1483 316 1547 animam
342 1483 380 1548 ad
405 1483 458 1548 sui
481 1483 700 1547 castimoniam
724 1483 877 1567 purisque
902 1483 1048 1547 sensibus
1073 1471 1209 1546 infusam
1234 1482 1330 1545 bono-

134 1621 159 1658 10
176 1611 250 1654 rum
272 1591 350 1656 facit
370 1594 521 1674 partuum
545 1590 779 1676 generatricem.

95 1710 131 1772 79
224 1697 346 1762 Octauo
377 1701 486 1762 autem
518 1699 569 1778 die
602 1697 787 1762 circumcidi
819 1716 952 1780 puerum
986 1697 1035 1760 lex
1062 1695 1162 1774 iubet,
1192 1696 1329 1779 mystico

177 1805 291 1886 utique
314 1807 494 1888 praecepto,
520 1805 595 1887 quia
617 1803 687 1887 ipse
711 1808 762 1868 est
782 1802 1025 1868 resurrectionis
1055 1803 1137 1876 diesr
1171 1801 1330 1866 dominica

176 1912 261 1975 enim
285 1912 336 1976 die
359 1911 530 1978 resurrexit
553 1911 700 1976 dominus
723 1911 826 1975 lesus.
852 1929 926 1994 ergo
952 1910 979 1974 si
1004 1910 1070 1975 dies
1090 1909 1328 1974 resurrectionis

177 2018 385 2084 circumcisos
413 2038 471 2084 nos
501 2024 533 2082 et
561 2021 672 2083 exutos
700 2016 844 2082 inueniat
870 2016 1059 2082 delictorum
1085 2016 1265 2100 superfluis,
1290 2017 1328 2080 ab
1348 2025 1374 2077 D

133 2155 157 2193 15
177 2126 262 2190 omni
296 2126 422 2191 ablutos
456 2125 559 2201 sorde,
592 2123 727 2189 mundos
761 2143 779 2188 a
811 2123 901 2188 uitiis
935 2123 1162 2204 corporalibus,
1195 2123 1223 2186 si
1254 2121 1328 2186 hinc

175 2233 315 2298 mundns
348 2233 471 2310 exieris,
502 2231 640 2297 mundus
668 2251 828 2315 resurges,
860 2231 1051 2296 circumcide
1079 2232 1179 2315 igitur
1206 2235 1237 2295 te
1266 2248 1327 2293 non

175 2361 277 2419 carne,
303 2341 358 2405 sed
381 2340 461 2405 uitio
486 2339 603 2404 carnali
626 2341 660 2403 et
681 2338 872 2404 circumcide
895 2342 988 2404 tuum
1007 2357 1068 2402 non
1087 2341 1191 2404 solnm
1211 2357 1321 2402 uerna-

174 2448 293 2523 culum‚
332 2447 389 2512 sed
426 2446 522 2511 etiam
557 2446 659 2527 pretio
696 2448 852 2527 emptum.
888 2446 916 2510 si
953 2444 992 2509 ad
1029 2444 1156 2529 singula
1190 2445 1320 2524 referas,

172 2555 338 2619 uernaculi
374 2558 449 2618 sunt
484 2553 645 2617 naturales
686 2555 804 2629 motus,
846 2551 948 2634 pretio
986 2552 1095 2634 empti,
1129 2551 1250 2616 ratione
1287 2555 1319 2616 et

130 2691 156 2728 κο
173 2662 317 2726 doctrina
350 2660 512 2743 adquisiti.
545 2662 640 2743 egent
669 2663 775 2724 auteur
805 2659 854 2723 illi
882 2661 914 2723 et
937 2659 969 2722 hi
992 2661 1156 2740 tamquam
1179 2658 1321 2742 uirgulta

173 2769 362 2853 purgatione
400 2771 432 2832 et
469 2766 623 2832 incisione
657 2756 887 2842 luxuriaeue
925 2769 1100 2849 euagentur
1130 2768 1167 2830 ut
1200 2763 1319 2828 sterilia

173 2880 333 2939 sarmenta
360 2878 392 2938 et
419 2873 609 2938 obumbrent
635 2873 760 2937 inutilia
792 2872 978 2948 fructuosis,
1010 2872 1063 2936 uel
1094 2876 1131 2936 ut
1164 2870 1363 2953 quaedamb

173 2981 259 3044 omni
286 2980 366 3045 uitio
394 2981 534 3044 distenta
560 2979 639 3043 uitis
670 2979 831 3044 incassum
853 2978 987 3055 laborat,
1010 2979 1020 3042 i
1040 2999 1057 3042 a
1080 2977 1256 3042 cauendum
1279 2996 1318 3040 ne

173 3088 268 3152 etiarn
301 3090 410 3152 nostra
440 3105 530 3150 mens
562 3085 709 3168 pluribus
737 3089 892 3166 ocorrpata
918 3104 978 3150 non
1008 3084 1112 3149 solum
1133 3085 1233 3149 bonos
1257 3103 1318 3147 non

143 3197 303 3278 agereret
337 3198 458 3276 partus,
498 3194 554 3258 sed
592 3193 688 3257 etiam
724 3191 894 3256 inutilibus
936 3193 1097 3276 plerisque
1138 3192 1317 3276 degeneret,

172 3301 268 3365 simul
286 3303 323 3364 ut
343 3300 480 3374 (uelut)
503 3300 581 3364 uitis
603 3302 716 3381 putata
737 3319 800 3363 non
824 3299 916 3363 facile
935 3299 1099 3376 siluesoat,
1123 3297 1319 3362 dissoluatur

262 3519 295 3572 12
313 3517 412 3571 Matth.
432 3518 475 3582 28,
496 3519 508 3571 1
569 3516 698 3570 18Phi10
720 3515 831 3581 Quaest.
851 3516 948 3570 11150

207 3645 222 3695 l
251 3641 286 3694 ad
309 3641 446 3694 mixtionis
464 3640 583 3694 DBcM
600 3641 676 3707 (fort.
695 3643 775 3705 recte)
798 3639 978 3693 ammixtiouis
997 3639 1030 3691 N
1132 3638 1272 3699 mulierem
1293 3639 1319 3689 P

171 3734 189 3784 4
212 3731 369 3785 abstineant
386 3747 415 3784 se
433 3729 490 3784 ΝΒ
598 3730 771 3782 meretriceos
790 3729 817 3780 P
836 3733 862 3794 (e
882 3733 940 3782 tert.
961 3745 993 3781 cac
1012 3730 1019 3780 i
1039 3731 1093 3790 oo3‚
1114 3744 1143 3780 os
1163 3743 1196 3780 cra
1214 3744 1245 3780 us
1265 3731 1317 3793 m1)

174 3821 231 3873 cM
246 3820 410 3873 meritricios
428 3819 456 3872 Β
510 3819 662 3888 lpargata
681 3819 705 3887 (r
722 3834 743 3870 a.
763 3822 803 3882 u.)
823 3817 850 3869 P
903 3817 1033 3870 Sexsuta
1048 3816 1074 3868 P
1093 3820 1117 3883 (s
1136 3816 1217 3883 erae.)
1237 3821 1317 3868 exuta

172 3916 218 3966 cet.
292 3908 457 3977 superfluens
477 3907 512 3970 (is
530 3924 551 3960 s.
572 3911 630 3972 eps)
650 3907 678 3959 P
720 3907 747 3959 ·9
767 3907 857 3958 aniura
876 3913 924 3958 sua
942 3907 969 3958 Β
989 3907 1031 3970 (iu
1049 3921 1102 3973 qao
1121 3906 1316 3959 anima...sui

171 3999 202 4050 in
218 4002 288 4064 ras.)
358 3997 389 4050 11
410 3994 538 4050 cirodcidi
556 4000 600 4060 (ou
619 4012 640 4048 s.
659 4012 687 4048 a.
707 3996 765 4060 m3)
783 3994 811 4046 P
879 3994 912 4048 13
930 3995 1023 4062 itaque
1041 3993 1104 4047 DN
1164 3995 1196 4046 21
1218 4010 1316 4062 purga·

171 4087 273 4148 tionem
292 4088 320 4140 P
364 4087 398 4139 22
416 4086 503 4139 acrba
522 4085 718 4152 uelatasque
738 4083 777 4136 od
793 4084 964 4136 inscientiam
981 4087 1063 4149 (632,
1077 4086 1105 4149 3)
1122 4082 1316 4148 om.Dm1N,·

171 4175 287 4230 inDca
304 4175 445 4244 suppleuit
462 4177 510 4228 m2
546 4175 579 4227 23
599 4174 733 4227 omniaP
785 4173 851 4225 uitis
869 4172 969 4240 scripsi
981 4172 1074 4225 multis
1090 4171 1155 4225 libro?
1191 4173 1316 4224 24meus

171 4268 263 4318 nostra
281 4265 309 4316 Β
415 4279 470 4316 non
494 4265 605 4331 generet
627 4261 659 4314 T‘
683 4265 711 4326 (ir
734 4277 768 4315 ea
789 4261 830 4328 in)
848 4260 886 4312 Μ
910 4259 1052 4329 ingeneret
1070 4260 1097 4312 B
1121 4264 1148 4325 (ir
1166 4277 1187 4314 s.
1207 4261 1246 4326 in)
1267 4266 1314 4313 cet.

172 4355 205 4408 26
224 4354 301 4408 uelut
319 4351 422 4406 addidi
